<!DOCTYPE html>
<html
xmlns="http://www.w3.org/1999/xhtml"
xml:lang="sk"
lang="sk"
data-lang="sk"
data-browser="unknown"
data-platform="unknown"
dir="ltr"
>
<head>
<!--base href="http://tesco.sk/"/-->
<title>Tovar v akcii z kategórie Nápoje | Tesco</title>
<meta name="__token" content="ZjQ5MDQ5NzlhMDFjYzc3NGRmZDExMDNkZWRjZmE1YWI=" />
<meta name="keywords" content="" />
<meta name="description" content="Vyberte si z aktuálnej akciovej ponuky nápojov v obchodoch Tesco. Akciová cena platí počas obdobia uvedenom pri produkte. 
" />
<meta http-equiv="content-type" content="text/html; charset=utf-8" />

<meta name="kcs:basehref" content="" />


<link rel="icon" type="img/png" href="https://tesco.sk/img/tescoce_sk/fav.png"/>

<meta property="fb:app_id" content="286748204813388" />
<meta property="og:title" content="Tovar v akcii z kategórie Nápoje | Tesco" />
<meta property="og:type" content="article" />
<meta property="og:url" content="https://tesco.sk/akciove-ponuky/akciove-produkty/napoje" />
<meta property="og:image" content="" />
<meta property="og:description" content="Vyberte si z aktuálnej akciovej ponuky nápojov v obchodoch Tesco. Akciová cena platí počas obdobia uvedenom pri produkte. 
" />
<link rel="canonical" href="https://tesco.sk/akciove-ponuky/akciove-produkty/napoje/" />


<meta name="viewport" content="width=device-width, height=device-height, user-scalable=1, minimum-scale=1, maximum-scale=2, shrink-to-fit=no" />



<link href="/getFile/modules/48/62862.css" rel="stylesheet" type="text/css" />
<link href="/getFile/responsive/48/62862.css" rel="stylesheet" type="text/css" />
<link href="/css/cache/08df965098e136f6b6408ca44ca21d71.css" rel="stylesheet" type="text/css" />

<script src="https://polyfill.io/v3/polyfill.min.js?features=IntersectionObserver" type="text/javascript" ></script>
<script src="https://cdn.jsdelivr.net/npm/lozad/dist/lozad.min.js" type="text/javascript" ></script>
<script src="https://connect.facebook.net/sk_SK/all.js" type="text/javascript" ></script>
<script src="https://www.youtube.com/iframe_api" type="text/javascript" ></script>
<script src="/js/cache/b4c3088bfe62a7717b66caedc7d356ea.js" type="text/javascript"></script>



<style>
@media screen and (max-width: 1380px) {
body { overflow-x:hidden; overflow-y:auto; }
.container {
width:100% !important;
padding:0 !important;
-webkit-box-sizing: border-box;
-moz-box-sizing: border-box;
box-sizing: border-box;
}
}
</style>
<script type="text/javascript">
var dateformat1 = '',
$cookie_domain = '.tesco.sk',
componentRestrictions = {country: 'SK'};
</script>

<style id="antiClickJack">
#antiClickJack {
display:none !important;
}
</style>

<script type="text/javascript">
if (self === top) {
const antiClickJack = document.getElementById("antiClickJack");
antiClickJack.parentNode.removeChild(antiClickJack);
} else {
top.location = self.location;
}
</script>

<style>
.container, .pagewide, .pagewide-inner {
width:100% !important;
max-width:100%;
margin-left: auto !important;
margin-right: auto !important;
-webkit-box-sizing: border-box;
-moz-box-sizing: border-box;
box-sizing: border-box;
}
.pagewide-inner { min-width:320px; max-width:1008px; }
@media (min-width:1260px) { .pagewide-inner { max-width:1260px; } }
</style>

</head>
<!-- %hereisthebeginingofthebody% -->
<body class="site_sk noJquery body_desktop browser_desktop">

<input
type="checkbox"
class="ddl__old_browser_popup__switch"
id="ddl__old_browser_popup-63b067109aefc"
/>

<div class="ddl__old_browser_popup">
<div class="inner">
<h2 class="popup_title">Pristupujete na túto webovú stránku pomocou nepodporovaného prehliadača</h2>

<p class="popup_text_1">Táto webová stránka už nie je optimalizovaná pre <span class="browser_type">unknown unknown</span>.</p>
<p class="popup_text_2">Obsah webovej stránky sa nemusí zobrazovať správne alebo môžu byť obmedzené niektoré funkcie.</p>

<p class="popup_browsers_pretext">
Najlepšie skúsenosti získate, ak použijete jeden z nasledujúcich prehliadačov:        </p>

<ul class="browsers">
<li class="browser google_chrome">
<a href="https://www.google.com/chrome/">
<?xml version="1.0" encoding="utf-8"?>
<!DOCTYPE svg PUBLIC "-//W3C//DTD SVG 1.1//EN" "http://www.w3.org/Graphics/SVG/1.1/DTD/svg11.dtd">
<svg xmlns="http://www.w3.org/2000/svg" xmlns:xlink="http://www.w3.org/1999/xlink" viewBox="1 1 176 176"><style><![CDATA[.B{clip-path:url(#C)}.C{fill:#3e2723}.D{fill-opacity:.15}.E{fill-opacity:.2}]]></style><defs><circle id="A" cx="96" cy="96" r="88"/><path id="B" d="M8 184h83.77l38.88-38.88V116h-69.3L8 24.48z"/></defs><clipPath id="C"><use xlink:href="#A"/></clipPath><g class="B" transform="translate(-7 -7)"><path d="M21.97 8v108h39.4L96 56h88V8z" fill="#db4437"/><linearGradient id="D" x1="29.34" x2="81.84" y1="75.02" y2="44.35" gradientUnits="userSpaceOnUse"><stop stop-color="#a52714" stop-opacity=".6" offset="0"/><stop stop-color="#a52714" stop-opacity="0" offset=".66"/></linearGradient><path d="M21.97 8v108h39.4L96 56h88V8z" fill="url(#D)"/><path d="M62.3 115.6L22.48 47.3l-.58 1 39.54 67.8z" class="C D"/><use xlink:href="#B" fill="#0f9d58"/><linearGradient id="E" x1="110.9" x2="52.54" y1="164.5" y2="130.3" gradientUnits="userSpaceOnUse"><stop stop-color="#055524" stop-opacity=".4" offset="0"/><stop stop-color="#055524" stop-opacity="0" offset=".33"/></linearGradient><path d="M8 184h83.77l38.88-38.88V116h-69.3L8 24.48z" fill="url(#E)"/><path d="M129.8 117.3l-.83-.48-38.4 67.15h1.15l38.1-66.64z" fill="#263238" class="D"/><defs><path id="F" d="M8 184h83.77l38.88-38.88V116h-69.3L8 24.48z"/></defs><clipPath id="G"><use xlink:href="#F"/></clipPath><g clip-path="url(#G)"><path d="M96 56l34.65 60-38.88 68H184V56z" fill="#ffcd40"/><linearGradient id="H" x1="121.9" x2="136.6" y1="49.8" y2="114.1" gradientUnits="userSpaceOnUse"><stop stop-color="#ea6100" stop-opacity=".3" offset="0"/><stop stop-color="#ea6100" stop-opacity="0" offset=".66"/></linearGradient><path d="M96 56l34.65 60-38.88 68H184V56z" fill="url(#H)"/></g><path d="M96 56l34.65 60-38.88 68H184V56z" fill="#ffcd40"/><path d="M96 56l34.65 60-38.88 68H184V56z" fill="url(#H)"/><defs><path id="I" d="M96 56l34.65 60-38.88 68H184V56z"/></defs><clipPath id="J"><use xlink:href="#I"/></clipPath><g clip-path="url(#J)"><path d="M21.97 8v108h39.4L96 56h88V8z" fill="#db4437"/><path d="M21.97 8v108h39.4L96 56h88V8z" fill="url(#D)"/></g></g><radialGradient id="K" cx="668.2" cy="55.95" r="84.08" gradientTransform="translate(-576)" gradientUnits="userSpaceOnUse"><stop stop-color="#3e2723" stop-opacity=".2" offset="0"/><stop stop-color="#3e2723" stop-opacity="0" offset="1"/></radialGradient><g transform="translate(-7 -7)"><path d="M96 56v20.95L174.4 56z" fill="url(#K)" class="B"/><g class="B"><defs><path id="L" d="M21.97 8v40.34L61.36 116 96 56h88V8z"/></defs><clipPath id="M"><use xlink:href="#L"/></clipPath><g clip-path="url(#M)"><use xlink:href="#B" fill="#0f9d58"/><path d="M8 184h83.77l38.88-38.88V116h-69.3L8 24.48z" fill="url(#E)"/></g></g></g><radialGradient id="N" cx="597.9" cy="48.52" r="78.04" gradientTransform="translate(-576)" gradientUnits="userSpaceOnUse"><stop stop-color="#3e2723" stop-opacity=".2" offset="0"/><stop stop-color="#3e2723" stop-opacity="0" offset="1"/></radialGradient><path transform="translate(-7 -7)" d="M21.97 48.45l57.25 57.24L61.36 116z" fill="url(#N)" class="B"/><radialGradient id="O" cx="671.8" cy="96.14" r="87.87" gradientTransform="translate(-576)" gradientUnits="userSpaceOnUse"><stop stop-color="#263238" stop-opacity=".2" offset="0"/><stop stop-color="#263238" stop-opacity="0" offset="1"/></radialGradient><g transform="translate(-7 -7)"><path d="M91.83 183.9l20.96-78.2 17.86 10.3z" fill="url(#O)" class="B"/><g class="B"><circle cx="96" cy="96" r="40" fill="#f1f1f1"/><circle cx="96" cy="96" r="32" fill="#4285f4"/><path d="M96 55c-22.1 0-40 17.9-40 40v1c0-22.1 17.9-40 40-40h88v-1H96z" class="C E"/><path d="M130.6 116c-6.92 11.94-19.8 20-34.6 20-14.8 0-27.7-8.06-34.6-20h-.04L8 24.48v1L61.4 117c6.92 11.94 19.8 20 34.6 20 14.8 0 27.68-8.05 34.6-20h.05v-1h-.06z" fill="#fff" fill-opacity=".1"/><path d="M97 56c-.17 0-.33.02-.5.03C118.36 56.3 136 74.08 136 96s-17.64 39.7-39.5 39.97c.17 0 .33.03.5.03 22.1 0 40-17.9 40-40s-17.9-40-40-40z" opacity=".1" class="C"/><path d="M131 117.3c3.4-5.88 5.37-12.68 5.37-19.96a39.87 39.87 0 0 0-1.87-12.09c.95 3.42 1.5 7 1.5 10.73 0 7.28-1.97 14.08-5.37 19.96l.02.04-38.88 68h1.16L131 117.3z" fill="#fff" class="E"/><path d="M96 9c48.43 0 87.72 39.13 88 87.5 0-.17.01-.33.01-.5 0-48.6-39.4-88-88-88S8 47.4 8 96c0 .17.01.33.01.5C8.28 48.13 47.57 9 96 9z" fill="#fff" class="E"/><path d="M96 183c48.43 0 87.72-39.13 88-87.5 0 .17.01.33.01.5 0 48.6-39.4 88-88 88S8 144.6 8 96c0-.17.01-.33.01-.5.27 48.37 39.56 87.5 88 87.5z" class="C D"/></g></g></svg>                    <span>Google Chrome</span>
</a>
</li>

<li class="browser mozilla_firefox">
<a href="https://www.mozilla.org/">
<?xml version="1.0" encoding="utf-8"?>
<!DOCTYPE svg PUBLIC "-//W3C//DTD SVG 1.1//EN" "http://www.w3.org/Graphics/SVG/1.1/DTD/svg11.dtd">
<!-- This Source Code Form is subject to the terms of the Mozilla Public
- License, v. 2.0. If a copy of the MPL was not distributed with this
- file, You can obtain one at http://mozilla.org/MPL/2.0/. -->
<svg width="77.42" height="79.97" version="1.1" viewBox="0 0 77.42 79.97" xmlns="http://www.w3.org/2000/svg">
<defs>
<linearGradient id="a" x1="70.79" x2="6.447" y1="12.39" y2="74.47" gradientTransform="translate(-1.3 -.004086)" gradientUnits="userSpaceOnUse">
<stop stop-color="#fff44f" offset=".048"/>
<stop stop-color="#ffe847" offset=".111"/>
<stop stop-color="#ffc830" offset=".225"/>
<stop stop-color="#ff980e" offset=".368"/>
<stop stop-color="#ff8b16" offset=".401"/>
<stop stop-color="#ff672a" offset=".462"/>
<stop stop-color="#ff3647" offset=".534"/>
<stop stop-color="#e31587" offset=".705"/>
</linearGradient>
<radialGradient id="b" cx="-7907" cy="-8515" r="80.8" gradientTransform="translate(7974 8524)" gradientUnits="userSpaceOnUse">
<stop stop-color="#ffbd4f" offset=".129"/>
<stop stop-color="#ffac31" offset=".186"/>
<stop stop-color="#ff9d17" offset=".247"/>
<stop stop-color="#ff980e" offset=".283"/>
<stop stop-color="#ff563b" offset=".403"/>
<stop stop-color="#ff3750" offset=".467"/>
<stop stop-color="#f5156c" offset=".71"/>
<stop stop-color="#eb0878" offset=".782"/>
<stop stop-color="#e50080" offset=".86"/>
</radialGradient>
<radialGradient id="c" cx="-7937" cy="-8482" r="80.8" gradientTransform="translate(7974 8524)" gradientUnits="userSpaceOnUse">
<stop stop-color="#960e18" offset=".3"/>
<stop stop-color="#b11927" stop-opacity=".74" offset=".351"/>
<stop stop-color="#db293d" stop-opacity=".343" offset=".435"/>
<stop stop-color="#f5334b" stop-opacity=".094" offset=".497"/>
<stop stop-color="#ff3750" stop-opacity="0" offset=".53"/>
</radialGradient>
<radialGradient id="d" cx="-7927" cy="-8533" r="58.53" gradientTransform="translate(7974 8524)" gradientUnits="userSpaceOnUse">
<stop stop-color="#fff44f" offset=".132"/>
<stop stop-color="#ffdc3e" offset=".252"/>
<stop stop-color="#ff9d12" offset=".506"/>
<stop stop-color="#ff980e" offset=".526"/>
</radialGradient>
<radialGradient id="e" cx="-7946" cy="-8461" r="38.47" gradientTransform="translate(7974 8524)" gradientUnits="userSpaceOnUse">
<stop stop-color="#3a8ee6" offset=".353"/>
<stop stop-color="#5c79f0" offset=".472"/>
<stop stop-color="#9059ff" offset=".669"/>
<stop stop-color="#c139e6" offset="1"/>
</radialGradient>
<radialGradient id="f" cx="-7936" cy="-8492" r="20.4" gradientTransform="matrix(.972 -.235 .275 1.138 10090 7834)" gradientUnits="userSpaceOnUse">
<stop stop-color="#9059ff" stop-opacity="0" offset=".206"/>
<stop stop-color="#8c4ff3" stop-opacity=".064" offset=".278"/>
<stop stop-color="#7716a8" stop-opacity=".45" offset=".747"/>
<stop stop-color="#6e008b" stop-opacity=".6" offset=".975"/>
</radialGradient>
<radialGradient id="g" cx="-7938" cy="-8518" r="27.68" gradientTransform="translate(7974 8524)" gradientUnits="userSpaceOnUse">
<stop stop-color="#ffe226" offset="0"/>
<stop stop-color="#ffdb27" offset=".121"/>
<stop stop-color="#ffc82a" offset=".295"/>
<stop stop-color="#ffa930" offset=".502"/>
<stop stop-color="#ff7e37" offset=".732"/>
<stop stop-color="#ff7139" offset=".792"/>
</radialGradient>
<radialGradient id="h" cx="-7916" cy="-8536" r="118.1" gradientTransform="translate(7974 8524)" gradientUnits="userSpaceOnUse">
<stop stop-color="#fff44f" offset=".113"/>
<stop stop-color="#ff980e" offset=".456"/>
<stop stop-color="#ff5634" offset=".622"/>
<stop stop-color="#ff3647" offset=".716"/>
<stop stop-color="#e31587" offset=".904"/>
</radialGradient>
<radialGradient id="i" cx="-7927" cy="-8523" r="86.5" gradientTransform="matrix(.105 .995 -.653 .069 -4685 8470)" gradientUnits="userSpaceOnUse">
<stop stop-color="#fff44f" offset="0"/>
<stop stop-color="#ffe847" offset=".06"/>
<stop stop-color="#ffc830" offset=".168"/>
<stop stop-color="#ff980e" offset=".304"/>
<stop stop-color="#ff8b16" offset=".356"/>
<stop stop-color="#ff672a" offset=".455"/>
<stop stop-color="#ff3647" offset=".57"/>
<stop stop-color="#e31587" offset=".737"/>
</radialGradient>
<radialGradient id="j" cx="-7938" cy="-8508" r="73.72" gradientTransform="translate(7974 8524)" gradientUnits="userSpaceOnUse">
<stop stop-color="#fff44f" offset=".137"/>
<stop stop-color="#ff980e" offset=".48"/>
<stop stop-color="#ff5634" offset=".592"/>
<stop stop-color="#ff3647" offset=".655"/>
<stop stop-color="#e31587" offset=".904"/>
</radialGradient>
<radialGradient id="k" cx="-7919" cy="-8504" r="80.69" gradientTransform="translate(7974 8524)" gradientUnits="userSpaceOnUse">
<stop stop-color="#fff44f" offset=".094"/>
<stop stop-color="#ffe141" offset=".231"/>
<stop stop-color="#ffaf1e" offset=".509"/>
<stop stop-color="#ff980e" offset=".626"/>
</radialGradient>
<linearGradient id="l" x1="70.01" x2="15.27" y1="12.06" y2="66.81" gradientTransform="translate(-1.3 -.004086)" gradientUnits="userSpaceOnUse">
<stop stop-color="#fff44f" stop-opacity=".8" offset=".167"/>
<stop stop-color="#fff44f" stop-opacity=".634" offset=".266"/>
<stop stop-color="#fff44f" stop-opacity=".217" offset=".489"/>
<stop stop-color="#fff44f" stop-opacity="0" offset=".6"/>
</linearGradient>
</defs>
<path d="m74.62 26.83c-1.684-4.052-5.1-8.427-7.775-9.81a40.27 40.27 0 0 1 3.925 11.76l7e-3 0.065c-4.382-10.92-11.81-15.33-17.88-24.92-0.307-0.485-0.614-0.971-0.913-1.484-0.171-0.293-0.308-0.557-0.427-0.8a7.053 7.053 0 0 1-0.578-1.535 0.1 0.1 0 0 0-0.088-0.1 0.138 0.138 0 0 0-0.073 0c-5e-3 0-0.013 9e-3 -0.019 0.011s-0.019 0.011-0.028 0.015l0.015-0.026c-9.735 5.7-13.04 16.25-13.34 21.53a19.39 19.39 0 0 0-10.67 4.111 11.59 11.59 0 0 0-1-0.758 17.97 17.97 0 0 1-0.109-9.473 28.7 28.7 0 0 0-9.329 7.21h-0.018c-1.536-1.947-1.428-8.367-1.34-9.708a6.928 6.928 0 0 0-1.294 0.687 28.22 28.22 0 0 0-3.788 3.245 33.84 33.84 0 0 0-3.623 4.347v6e-3 -7e-3a32.73 32.73 0 0 0-5.2 11.74l-0.052 0.256c-0.073 0.341-0.336 2.049-0.381 2.42 0 0.029-6e-3 0.056-9e-3 0.085a36.94 36.94 0 0 0-0.629 5.343v0.2a38.76 38.76 0 0 0 76.95 6.554c0.065-0.5 0.118-0.995 0.176-1.5a39.86 39.86 0 0 0-2.514-19.47zm-44.67 30.34c0.181 0.087 0.351 0.181 0.537 0.264l0.027 0.017q-0.282-0.135-0.564-0.281zm8.878-23.38m31.95-4.934v-0.037l7e-3 0.041z" style="fill:url(#a)"/>
<path d="m74.62 26.83c-1.684-4.052-5.1-8.427-7.775-9.81a40.27 40.27 0 0 1 3.925 11.76v0.037l7e-3 0.041a35.1 35.1 0 0 1-1.206 26.16c-4.442 9.531-15.19 19.3-32.02 18.82-18.18-0.515-34.2-14.01-37.19-31.68-0.545-2.787 0-4.2 0.274-6.465a28.88 28.88 0 0 0-0.623 5.348v0.2a38.76 38.76 0 0 0 76.95 6.554c0.065-0.5 0.118-0.995 0.176-1.5a39.86 39.86 0 0 0-2.514-19.47z" style="fill:url(#b)"/>
<path d="m74.62 26.83c-1.684-4.052-5.1-8.427-7.775-9.81a40.27 40.27 0 0 1 3.925 11.76v0.037l7e-3 0.041a35.1 35.1 0 0 1-1.206 26.16c-4.442 9.531-15.19 19.3-32.02 18.82-18.18-0.515-34.2-14.01-37.19-31.68-0.545-2.787 0-4.2 0.274-6.465a28.88 28.88 0 0 0-0.623 5.348v0.2a38.76 38.76 0 0 0 76.95 6.554c0.065-0.5 0.118-0.995 0.176-1.5a39.86 39.86 0 0 0-2.514-19.47z" style="fill:url(#c)"/>
<path d="m55.78 31.38c0.084 0.059 0.162 0.118 0.241 0.177a21.1 21.1 0 0 0-3.6-4.695c-12.05-12.05-3.157-26.12-1.658-26.84l0.015-0.022c-9.735 5.7-13.04 16.25-13.34 21.53 0.452-0.031 0.9-0.069 1.362-0.069a19.56 19.56 0 0 1 16.98 9.917z" style="fill:url(#d)"/>
<path d="m38.82 33.79c-0.064 0.964-3.47 4.289-4.661 4.289-11.02 0-12.81 6.667-12.81 6.667 0.488 5.614 4.4 10.24 9.129 12.68 0.216 0.112 0.435 0.213 0.654 0.312q0.569 0.252 1.138 0.466a17.24 17.24 0 0 0 5.043 0.973c19.32 0.906 23.06-23.1 9.119-30.07a13.38 13.38 0 0 1 9.345 2.269 19.56 19.56 0 0 0-16.98-9.917c-0.46 0-0.91 0.038-1.362 0.069a19.39 19.39 0 0 0-10.67 4.111c0.591 0.5 1.258 1.168 2.663 2.553 2.63 2.591 9.375 5.275 9.39 5.59z" style="fill:url(#e)"/>
<path d="m38.82 33.79c-0.064 0.964-3.47 4.289-4.661 4.289-11.02 0-12.81 6.667-12.81 6.667 0.488 5.614 4.4 10.24 9.129 12.68 0.216 0.112 0.435 0.213 0.654 0.312q0.569 0.252 1.138 0.466a17.24 17.24 0 0 0 5.043 0.973c19.32 0.906 23.06-23.1 9.119-30.07a13.38 13.38 0 0 1 9.345 2.269 19.56 19.56 0 0 0-16.98-9.917c-0.46 0-0.91 0.038-1.362 0.069a19.39 19.39 0 0 0-10.67 4.111c0.591 0.5 1.258 1.168 2.663 2.553 2.63 2.591 9.375 5.275 9.39 5.59z" style="fill:url(#f)"/>
<path d="m24.96 24.36c0.314 0.2 0.573 0.374 0.8 0.531a17.97 17.97 0 0 1-0.109-9.473 28.7 28.7 0 0 0-9.329 7.21c0.189-5e-3 5.811-0.106 8.638 1.732z" style="fill:url(#g)"/>
<path d="m0.354 42.16c2.991 17.67 19.01 31.17 37.19 31.68 16.83 0.476 27.58-9.294 32.02-18.82a35.1 35.1 0 0 0 1.206-26.16v-0.037c0-0.029-6e-3 -0.046 0-0.037l7e-3 0.065c1.375 8.977-3.191 17.67-10.33 23.56l-0.022 0.05c-13.91 11.33-27.22 6.834-29.91 5q-0.282-0.135-0.564-0.281c-8.109-3.876-11.46-11.26-10.74-17.6a9.953 9.953 0 0 1-9.181-5.775 14.62 14.62 0 0 1 14.25-0.572 19.3 19.3 0 0 0 14.55 0.572c-0.015-0.315-6.76-3-9.39-5.59-1.405-1.385-2.072-2.052-2.663-2.553a11.59 11.59 0 0 0-1-0.758c-0.23-0.157-0.489-0.327-0.8-0.531-2.827-1.838-8.449-1.737-8.635-1.732h-0.018c-1.536-1.947-1.428-8.367-1.34-9.708a6.928 6.928 0 0 0-1.294 0.687 28.22 28.22 0 0 0-3.788 3.245 33.84 33.84 0 0 0-3.638 4.337v6e-3 -7e-3a32.73 32.73 0 0 0-5.2 11.74c-0.019 0.079-1.396 6.099-0.717 9.221z" style="fill:url(#h)"/>
<path d="m52.42 26.86a21.1 21.1 0 0 1 3.6 4.7c0.213 0.161 0.412 0.321 0.581 0.476 8.787 8.1 4.183 19.55 3.84 20.36 7.138-5.881 11.7-14.58 10.33-23.56-4.384-10.93-11.82-15.34-17.88-24.93-0.307-0.485-0.614-0.971-0.913-1.484-0.171-0.293-0.308-0.557-0.427-0.8a7.053 7.053 0 0 1-0.578-1.535 0.1 0.1 0 0 0-0.088-0.1 0.138 0.138 0 0 0-0.073 0c-5e-3 0-0.013 9e-3 -0.019 0.011s-0.019 0.011-0.028 0.015c-1.499 0.711-10.39 14.79 1.66 26.83z" style="fill:url(#i)"/>
<path d="m56.6 32.04c-0.169-0.155-0.368-0.315-0.581-0.476-0.079-0.059-0.157-0.118-0.241-0.177a13.38 13.38 0 0 0-9.345-2.269c13.94 6.97 10.2 30.97-9.119 30.07a17.24 17.24 0 0 1-5.043-0.973q-0.569-0.213-1.138-0.466c-0.219-0.1-0.438-0.2-0.654-0.312l0.027 0.017c2.694 1.839 16 6.332 29.91-5l0.022-0.05c0.347-0.81 4.951-12.26-3.84-20.36z" style="fill:url(#j)"/>
<path d="m21.35 44.74s1.789-6.667 12.81-6.667c1.191 0 4.6-3.325 4.661-4.289a19.3 19.3 0 0 1-14.55-0.572 14.62 14.62 0 0 0-14.25 0.572 9.953 9.953 0 0 0 9.181 5.775c-0.718 6.337 2.632 13.72 10.74 17.6 0.181 0.087 0.351 0.181 0.537 0.264-4.733-2.445-8.641-7.069-9.129-12.68z" style="fill:url(#k)"/>
<path d="m74.62 26.83c-1.684-4.052-5.1-8.427-7.775-9.81a40.27 40.27 0 0 1 3.925 11.76l7e-3 0.065c-4.382-10.92-11.81-15.33-17.88-24.92-0.307-0.485-0.614-0.971-0.913-1.484-0.171-0.293-0.308-0.557-0.427-0.8a7.053 7.053 0 0 1-0.578-1.535 0.1 0.1 0 0 0-0.088-0.1 0.138 0.138 0 0 0-0.073 0c-5e-3 0-0.013 9e-3 -0.019 0.011s-0.019 0.011-0.028 0.015l0.015-0.026c-9.735 5.7-13.04 16.25-13.34 21.53 0.452-0.031 0.9-0.069 1.362-0.069a19.56 19.56 0 0 1 16.98 9.917 13.38 13.38 0 0 0-9.345-2.269c13.94 6.97 10.2 30.97-9.119 30.07a17.24 17.24 0 0 1-5.043-0.973q-0.569-0.213-1.138-0.466c-0.219-0.1-0.438-0.2-0.654-0.312l0.027 0.017q-0.282-0.135-0.564-0.281c0.181 0.087 0.351 0.181 0.537 0.264-4.733-2.446-8.641-7.07-9.129-12.68 0 0 1.789-6.667 12.81-6.667 1.191 0 4.6-3.325 4.661-4.289-0.015-0.315-6.76-3-9.39-5.59-1.405-1.385-2.072-2.052-2.663-2.553a11.59 11.59 0 0 0-1-0.758 17.97 17.97 0 0 1-0.109-9.473 28.7 28.7 0 0 0-9.329 7.21h-0.018c-1.536-1.947-1.428-8.367-1.34-9.708a6.928 6.928 0 0 0-1.294 0.687 28.22 28.22 0 0 0-3.788 3.245 33.84 33.84 0 0 0-3.623 4.347v6e-3 -7e-3a32.73 32.73 0 0 0-5.2 11.74l-0.052 0.256c-0.073 0.341-0.4 2.073-0.447 2.445v0a45.09 45.09 0 0 0-0.572 5.403v0.2a38.76 38.76 0 0 0 76.95 6.554c0.065-0.5 0.118-0.995 0.176-1.5a39.86 39.86 0 0 0-2.514-19.47zm-3.845 1.991 7e-3 0.041z" style="fill:url(#l)"/>
</svg>
<span>Mozilla Firefox</span>
</a>
</li>

<li class="browser safari">
<a href="https://support.apple.com/downloads/safari">
<?xml version="1.0" encoding="utf-8"?>
<!DOCTYPE svg PUBLIC "-//W3C//DTD SVG 1.1//EN" "http://www.w3.org/Graphics/SVG/1.1/DTD/svg11.dtd">
<svg width="256px" height="256px" viewBox="0 0 256 256" version="1.1" xmlns="http://www.w3.org/2000/svg" xmlns:xlink="http://www.w3.org/1999/xlink" preserveAspectRatio="xMidYMid">
<defs>
<linearGradient x1="50%" y1="100%" x2="50%" y2="3.55271367e-13%" id="linearGradient-1">
<stop stop-color="#DBDBDA" offset="25%"></stop>
<stop stop-color="#FFFFFF" offset="100%"></stop>
</linearGradient>
<filter x="-50%" y="-50%" width="200%" height="200%" filterUnits="objectBoundingBox" id="filter-2">
<feOffset dx="0" dy="2" in="SourceAlpha" result="shadowOffsetOuter1"></feOffset>
<feGaussianBlur stdDeviation="2" in="shadowOffsetOuter1" result="shadowBlurOuter1"></feGaussianBlur>
<feColorMatrix values="0 0 0 0 0   0 0 0 0 0   0 0 0 0 0  0 0 0 0.266007133 0" in="shadowBlurOuter1" type="matrix" result="shadowMatrixOuter1"></feColorMatrix>
<feMerge>
<feMergeNode in="shadowMatrixOuter1"></feMergeNode>
<feMergeNode in="SourceGraphic"></feMergeNode>
</feMerge>
</filter>
<radialGradient cx="57.0254209%" cy="39.0167405%" fx="57.0254209%" fy="39.0167405%" r="61.0315689%" id="radialGradient-3">
<stop stop-color="#2ABCE1" offset="0%"></stop>
<stop stop-color="#2ABBE1" offset="11.3629426%"></stop>
<stop stop-color="#3375F8" offset="100%"></stop>
</radialGradient>
<linearGradient x1="49.0502524%" y1="35.7034487%" x2="25.7128956%" y2="77.5718894%" id="linearGradient-4">
<stop stop-color="#000000" stop-opacity="0" offset="0%"></stop>
<stop stop-color="#000000" offset="100%"></stop>
</linearGradient>
<filter x="-50%" y="-50%" width="200%" height="200%" filterUnits="objectBoundingBox" id="filter-5">
<feOffset dx="0" dy="1" in="SourceAlpha" result="shadowOffsetOuter1"></feOffset>
<feGaussianBlur stdDeviation="2" in="shadowOffsetOuter1" result="shadowBlurOuter1"></feGaussianBlur>
<feColorMatrix values="0 0 0 0 0   0 0 0 0 0   0 0 0 0 0  0 0 0 13 0" in="shadowBlurOuter1" type="matrix" result="shadowMatrixOuter1"></feColorMatrix>
<feMerge>
<feMergeNode in="shadowMatrixOuter1"></feMergeNode>
<feMergeNode in="SourceGraphic"></feMergeNode>
</feMerge>
</filter>
</defs>
<g>
<g transform="translate(4.000000, 2.000000)">
<circle fill="url(#linearGradient-1)" filter="url(#filter-2)" cx="124" cy="124" r="124"></circle>
<circle fill="url(#radialGradient-3)" cx="124" cy="124" r="114.7"></circle>
<g transform="translate(9.687500, 8.718750)">
<path d="M114.50625,28.48125 C113.73125,28.48125 113.053125,27.9 113.053125,27.125 L113.053125,6.878125 C113.053125,6.103125 113.73125,5.521875 114.50625,5.521875 C115.28125,5.521875 115.959375,6.103125 115.959375,6.878125 L115.959375,27.125 C115.8625,27.9 115.28125,28.48125 114.50625,28.48125 L114.50625,28.48125 Z" fill="#F3F3F3"></path>
<path d="M114.50625,28.578125 C113.634375,28.578125 112.95625,27.9 112.95625,27.125 L112.95625,6.878125 C112.95625,6.103125 113.634375,5.425 114.50625,5.425 C115.378125,5.425 116.05625,6.103125 116.05625,6.878125 L116.05625,27.125 C116.05625,27.9 115.28125,28.578125 114.50625,28.578125 L114.50625,28.578125 Z M114.50625,5.61875 C113.828125,5.61875 113.15,6.2 113.15,6.878125 L113.15,27.125 C113.15,27.803125 113.73125,28.384375 114.50625,28.384375 C115.184375,28.384375 115.8625,27.803125 115.8625,27.125 L115.8625,6.878125 C115.765625,6.2 115.184375,5.61875 114.50625,5.61875 L114.50625,5.61875 Z" fill="#FFFFFF"></path>
<path d="M124.19375,17.63125 C123.41875,17.534375 122.8375,16.953125 122.8375,16.178125 L123.515625,7.16875 C123.6125,6.39375 124.290625,5.8125 125.065625,5.909375 C125.840625,6.00625 126.421875,6.5875 126.421875,7.3625 L125.74375,16.371875 C125.646875,17.146875 124.96875,17.728125 124.19375,17.63125 L124.19375,17.63125 Z" fill="#F3F3F3"></path>
<path d="M124.19375,17.728125 C123.321875,17.63125 122.740625,16.953125 122.740625,16.178125 L123.41875,7.16875 C123.515625,6.39375 124.19375,5.715625 125.065625,5.8125 C125.9375,5.909375 126.51875,6.5875 126.51875,7.3625 L125.840625,16.371875 C125.74375,17.24375 125.065625,17.825 124.19375,17.728125 L124.19375,17.728125 Z M125.065625,6.00625 C124.3875,6.00625 123.709375,6.490625 123.709375,7.16875 L123.03125,16.178125 C123.03125,16.85625 123.515625,17.4375 124.290625,17.534375 C124.96875,17.534375 125.646875,17.05 125.646875,16.371875 L126.325,7.3625 C126.325,6.684375 125.74375,6.103125 125.065625,6.00625 L125.065625,6.00625 Z" fill="#FFFFFF"></path>
<path d="M131.459375,30.225 C130.684375,30.03125 130.2,29.353125 130.296875,28.578125 L134.26875,8.71875 C134.4625,7.94375 135.140625,7.459375 135.915625,7.653125 C136.690625,7.846875 137.175,8.525 137.078125,9.3 L133.10625,29.159375 C133.009375,29.8375 132.234375,30.321875 131.459375,30.225 L131.459375,30.225 Z" fill="#F3F3F3"></path>
<path d="M131.459375,30.321875 C130.5875,30.128125 130.103125,29.353125 130.2,28.578125 L134.171875,8.71875 C134.365625,7.94375 135.140625,7.3625 136.0125,7.55625 C136.884375,7.75 137.36875,8.525 137.271875,9.3 L133.3,29.159375 C133.10625,29.934375 132.33125,30.41875 131.459375,30.321875 L131.459375,30.321875 Z M136.0125,7.75 C135.334375,7.653125 134.65625,8.040625 134.4625,8.71875 L130.490625,28.578125 C130.39375,29.25625 130.78125,29.934375 131.55625,30.128125 C132.234375,30.225 132.9125,29.8375 133.10625,29.159375 L137.078125,9.3 C137.175,8.525 136.690625,7.94375 136.0125,7.75 L136.0125,7.75 Z" fill="#FFFFFF"></path>
<path d="M143.084375,21.50625 C142.309375,21.3125 141.825,20.5375 142.01875,19.7625 L144.440625,11.04375 C144.634375,10.26875 145.409375,9.88125 146.184375,10.075 C146.959375,10.26875 147.44375,11.04375 147.25,11.81875 L144.828125,20.5375 C144.634375,21.3125 143.859375,21.7 143.084375,21.50625 L143.084375,21.50625 Z" fill="#F3F3F3"></path>
<path d="M143.084375,21.603125 C142.309375,21.409375 141.728125,20.5375 142.01875,19.7625 L144.440625,11.04375 C144.634375,10.26875 145.50625,9.784375 146.28125,9.978125 C147.05625,10.171875 147.6375,11.04375 147.346875,11.81875 L144.925,20.5375 C144.73125,21.3125 143.95625,21.796875 143.084375,21.603125 L143.084375,21.603125 Z M146.28125,10.26875 C145.603125,10.075 144.828125,10.4625 144.634375,11.140625 L142.2125,19.859375 C142.01875,20.5375 142.40625,21.215625 143.18125,21.409375 C143.859375,21.603125 144.634375,21.215625 144.828125,20.5375 L147.25,11.81875 C147.346875,11.140625 146.959375,10.4625 146.28125,10.26875 L146.28125,10.26875 Z" fill="#FFFFFF"></path>
<path d="M147.83125,35.165625 C147.05625,34.875 146.765625,34.003125 147.05625,33.325 L154.80625,14.628125 C155.096875,13.95 155.96875,13.5625 156.646875,13.95 C157.421875,14.240625 157.7125,15.1125 157.421875,15.790625 L149.671875,34.4875 C149.38125,35.165625 148.509375,35.553125 147.83125,35.165625 L147.83125,35.165625 Z" fill="#F3F3F3"></path>
<path d="M147.83125,35.2625 C147.05625,34.971875 146.66875,34.1 146.959375,33.325 L154.709375,14.628125 C155,13.853125 155.871875,13.5625 156.74375,13.853125 C157.51875,14.14375 157.90625,15.015625 157.615625,15.790625 L149.865625,34.4875 C149.478125,35.2625 148.60625,35.65 147.83125,35.2625 L147.83125,35.2625 Z M156.646875,14.046875 C155.96875,13.75625 155.19375,14.046875 154.903125,14.725 L147.153125,33.421875 C146.8625,34.1 147.25,34.778125 147.928125,35.06875 C148.60625,35.359375 149.38125,35.06875 149.671875,34.390625 L157.421875,15.69375 C157.615625,15.1125 157.325,14.3375 156.646875,14.046875 L156.646875,14.046875 Z" fill="#FFFFFF"></path>
<path d="M160.909375,28.965625 C160.23125,28.578125 159.940625,27.803125 160.23125,27.125 L164.3,19.084375 C164.6875,18.40625 165.4625,18.115625 166.2375,18.503125 C166.915625,18.890625 167.20625,19.665625 166.915625,20.34375 L162.846875,28.384375 C162.459375,29.0625 161.684375,29.353125 160.909375,28.965625 L160.909375,28.965625 Z" fill="#F3F3F3"></path>
<path d="M160.909375,29.0625 C160.134375,28.675 159.84375,27.803125 160.23125,27.028125 L164.3,18.9875 C164.6875,18.2125 165.559375,17.921875 166.334375,18.309375 C167.109375,18.696875 167.4,19.56875 167.0125,20.34375 L162.94375,28.384375 C162.55625,29.159375 161.684375,29.45 160.909375,29.0625 L160.909375,29.0625 Z M166.2375,18.503125 C165.559375,18.2125 164.784375,18.40625 164.49375,19.084375 L160.425,27.125 C160.134375,27.70625 160.425,28.48125 161.00625,28.86875 C161.684375,29.159375 162.459375,28.965625 162.75,28.2875 L166.81875,20.246875 C167.109375,19.665625 166.81875,18.890625 166.2375,18.503125 L166.2375,18.503125 Z" fill="#FFFFFF"></path>
<path d="M162.846875,43.303125 C162.16875,42.81875 161.975,41.946875 162.459375,41.365625 L173.696875,24.60625 C174.084375,23.928125 174.95625,23.83125 175.634375,24.21875 C176.3125,24.703125 176.50625,25.575 176.021875,26.15625 L164.784375,42.915625 C164.396875,43.59375 163.525,43.7875 162.846875,43.303125 L162.846875,43.303125 Z" fill="#F3F3F3"></path>
<path d="M162.846875,43.4 C162.16875,42.915625 161.975,41.946875 162.3625,41.26875 L173.6,24.509375 C174.084375,23.83125 174.95625,23.6375 175.73125,24.121875 C176.409375,24.60625 176.603125,25.575 176.215625,26.253125 L164.978125,43.0125 C164.49375,43.690625 163.525,43.884375 162.846875,43.4 L162.846875,43.4 Z M175.634375,24.315625 C175.053125,23.928125 174.18125,24.025 173.79375,24.60625 L162.55625,41.365625 C162.16875,41.946875 162.3625,42.721875 162.94375,43.109375 C163.525,43.496875 164.396875,43.4 164.784375,42.81875 L176.021875,26.15625 C176.409375,25.575 176.215625,24.703125 175.634375,24.315625 L175.634375,24.315625 Z" fill="#FFFFFF"></path>
<path d="M176.990625,39.71875 C176.409375,39.234375 176.215625,38.3625 176.7,37.78125 L182.31875,30.709375 C182.803125,30.128125 183.675,30.03125 184.25625,30.515625 C184.8375,31 185.03125,31.871875 184.546875,32.453125 L178.928125,39.525 C178.44375,40.10625 177.571875,40.203125 176.990625,39.71875 L176.990625,39.71875 Z" fill="#F3F3F3"></path>
<path d="M176.89375,39.815625 C176.215625,39.33125 176.11875,38.3625 176.603125,37.684375 L182.221875,30.6125 C182.70625,29.934375 183.675,29.8375 184.353125,30.41875 C185.03125,30.903125 185.128125,31.871875 184.64375,32.55 L179.025,39.621875 C178.540625,40.3 177.571875,40.396875 176.89375,39.815625 L176.89375,39.815625 Z M184.159375,30.6125 C183.578125,30.128125 182.803125,30.225 182.31875,30.80625 L176.7,37.878125 C176.3125,38.459375 176.409375,39.234375 176.990625,39.71875 C177.571875,40.203125 178.346875,40.10625 178.83125,39.525 L184.45,32.453125 C184.8375,31.871875 184.740625,31 184.159375,30.6125 L184.159375,30.6125 Z" fill="#FFFFFF"></path>
<path d="M176.021875,54.25 C175.440625,53.66875 175.440625,52.796875 176.021875,52.3125 L190.359375,38.071875 C190.940625,37.490625 191.8125,37.5875 192.296875,38.071875 C192.78125,38.55625 192.878125,39.525 192.296875,40.009375 L178.05625,54.25 C177.475,54.83125 176.603125,54.83125 176.021875,54.25 L176.021875,54.25 Z" fill="#F3F3F3"></path>
<path d="M175.925,54.346875 C175.34375,53.765625 175.34375,52.796875 175.925,52.215625 L190.2625,37.975 C190.84375,37.39375 191.8125,37.39375 192.39375,37.975 C192.975,38.55625 192.975,39.525 192.39375,40.10625 L178.05625,54.346875 C177.475,54.928125 176.50625,54.928125 175.925,54.346875 L175.925,54.346875 Z M192.296875,38.071875 C191.8125,37.5875 190.940625,37.5875 190.45625,38.071875 L176.11875,52.3125 C175.634375,52.796875 175.634375,53.66875 176.11875,54.153125 C176.603125,54.6375 177.475,54.6375 177.959375,54.153125 L192.296875,39.9125 C192.78125,39.428125 192.78125,38.653125 192.296875,38.071875 L192.296875,38.071875 Z" fill="#FFFFFF"></path>
<path d="M190.553125,53.475 C190.06875,52.89375 190.06875,52.021875 190.65,51.5375 L197.528125,45.725 C198.109375,45.240625 198.98125,45.3375 199.465625,45.91875 C199.95,46.5 199.95,47.371875 199.36875,47.85625 L192.490625,53.66875 C191.909375,54.153125 191.0375,54.05625 190.553125,53.475 L190.553125,53.475 Z" fill="#F3F3F3"></path>
<path d="M190.45625,53.571875 C189.875,52.89375 189.971875,51.925 190.553125,51.440625 L197.43125,45.628125 C198.0125,45.046875 198.98125,45.14375 199.5625,45.821875 C200.14375,46.5 200.046875,47.46875 199.465625,47.953125 L192.5875,53.765625 C192.00625,54.346875 191.0375,54.25 190.45625,53.571875 L190.45625,53.571875 Z M199.36875,45.91875 C198.884375,45.3375 198.109375,45.3375 197.528125,45.725 L190.65,51.5375 C190.165625,52.021875 190.06875,52.796875 190.553125,53.378125 C191.0375,53.959375 191.8125,53.959375 192.39375,53.571875 L199.271875,47.759375 C199.853125,47.275 199.853125,46.5 199.36875,45.91875 L199.36875,45.91875 Z" fill="#FFFFFF"></path>
<path d="M186.678125,67.425 C186.19375,66.746875 186.3875,65.875 187.065625,65.4875 L203.921875,54.25 C204.6,53.8625 205.471875,54.05625 205.859375,54.6375 C206.34375,55.315625 206.15,56.1875 205.471875,56.575 L188.615625,67.8125 C188.034375,68.2 187.1625,68.00625 186.678125,67.425 L186.678125,67.425 Z" fill="#F3F3F3"></path>
<path d="M186.58125,67.425 C186.096875,66.746875 186.290625,65.778125 186.96875,65.29375 L203.825,54.05625 C204.503125,53.571875 205.471875,53.765625 205.95625,54.540625 C206.440625,55.21875 206.246875,56.1875 205.56875,56.671875 L188.7125,67.909375 C188.034375,68.39375 187.065625,68.2 186.58125,67.425 L186.58125,67.425 Z M205.7625,54.734375 C205.375,54.153125 204.6,53.959375 204.01875,54.346875 L187.1625,65.584375 C186.58125,65.971875 186.3875,66.746875 186.871875,67.425 C187.259375,68.00625 188.034375,68.2 188.615625,67.8125 L205.471875,56.575 C206.053125,56.090625 206.15,55.315625 205.7625,54.734375 L205.7625,54.734375 Z" fill="#FFFFFF"></path>
<path d="M201.1125,69.459375 C200.725,68.78125 200.91875,67.909375 201.596875,67.521875 L209.44375,63.065625 C210.121875,62.678125 210.99375,62.96875 211.38125,63.646875 C211.76875,64.325 211.575,65.196875 210.896875,65.584375 L203.05,70.040625 C202.371875,70.428125 201.5,70.1375 201.1125,69.459375 L201.1125,69.459375 Z" fill="#F3F3F3"></path>
<path d="M201.015625,69.55625 C200.628125,68.78125 200.821875,67.909375 201.5,67.521875 L209.346875,63.065625 C210.025,62.678125 210.99375,62.96875 211.38125,63.646875 C211.76875,64.421875 211.575,65.29375 210.896875,65.68125 L203.05,70.1375 C202.371875,70.525 201.403125,70.234375 201.015625,69.55625 L201.015625,69.55625 Z M211.284375,63.74375 C210.896875,63.065625 210.121875,62.871875 209.540625,63.259375 L201.69375,67.715625 C201.1125,68.103125 200.91875,68.878125 201.209375,69.459375 C201.596875,70.1375 202.371875,70.33125 202.953125,69.94375 L210.8,65.4875 C211.38125,65.196875 211.575,64.421875 211.284375,63.74375 L211.284375,63.74375 Z" fill="#FFFFFF"></path>
<path d="M194.621875,82.34375 C194.33125,81.56875 194.621875,80.79375 195.396875,80.503125 L214.09375,72.753125 C214.771875,72.4625 215.64375,72.85 215.934375,73.528125 C216.225,74.303125 215.934375,75.078125 215.159375,75.36875 L196.4625,83.11875 C195.784375,83.409375 194.9125,83.11875 194.621875,82.34375 L194.621875,82.34375 Z" fill="#F3F3F3"></path>
<path d="M194.525,82.440625 C194.234375,81.665625 194.525,80.79375 195.3,80.40625 L213.996875,72.65625 C214.771875,72.365625 215.64375,72.753125 215.934375,73.528125 C216.225,74.303125 215.934375,75.175 215.159375,75.5625 L196.4625,83.3125 C195.6875,83.603125 194.815625,83.215625 194.525,82.440625 L194.525,82.440625 Z M215.740625,73.625 C215.45,72.946875 214.675,72.65625 214.09375,72.85 L195.396875,80.6 C194.71875,80.890625 194.428125,81.665625 194.71875,82.34375 C195.009375,83.021875 195.784375,83.3125 196.365625,83.11875 L215.0625,75.36875 C215.740625,75.078125 216.03125,74.303125 215.740625,73.625 L215.740625,73.625 Z" fill="#FFFFFF"></path>
<path d="M208.28125,87.1875 C207.990625,86.4125 208.378125,85.6375 209.153125,85.346875 L217.678125,82.5375 C218.35625,82.246875 219.228125,82.73125 219.421875,83.409375 C219.7125,84.184375 219.325,84.959375 218.55,85.25 L210.025,88.059375 C209.346875,88.35 208.571875,87.9625 208.28125,87.1875 L208.28125,87.1875 Z" fill="#F3F3F3"></path>
<path d="M208.184375,87.284375 C207.89375,86.509375 208.28125,85.6375 209.153125,85.346875 L217.678125,82.5375 C218.453125,82.246875 219.325,82.73125 219.615625,83.50625 C219.90625,84.28125 219.51875,85.153125 218.646875,85.44375 L210.121875,88.253125 C209.346875,88.446875 208.475,88.059375 208.184375,87.284375 L208.184375,87.284375 Z M219.421875,83.603125 C219.228125,82.925 218.453125,82.5375 217.775,82.73125 L209.25,85.540625 C208.571875,85.734375 208.28125,86.509375 208.475,87.1875 C208.66875,87.865625 209.44375,88.253125 210.121875,88.059375 L218.646875,85.25 C219.325,84.959375 219.615625,84.28125 219.421875,83.603125 L219.421875,83.603125 Z" fill="#FFFFFF"></path>
<path d="M199.5625,98.715625 C199.36875,97.940625 199.853125,97.165625 200.628125,97.06875 L220.4875,93.19375 C221.2625,93 221.940625,93.58125 222.134375,94.35625 C222.328125,95.13125 221.84375,95.90625 221.06875,96.003125 L201.209375,99.878125 C200.434375,99.975 199.659375,99.490625 199.5625,98.715625 L199.5625,98.715625 Z" fill="#F3F3F3"></path>
<path d="M199.36875,98.715625 C199.175,97.84375 199.75625,97.06875 200.53125,96.875 L220.390625,93 C221.165625,92.80625 221.940625,93.3875 222.134375,94.259375 C222.328125,95.13125 221.746875,95.90625 220.971875,96.1 L201.1125,99.975 C200.3375,100.16875 199.5625,99.5875 199.36875,98.715625 L199.36875,98.715625 Z M221.940625,94.35625 C221.84375,93.678125 221.165625,93.19375 220.4875,93.290625 L200.628125,97.165625 C199.95,97.2625 199.465625,98.0375 199.659375,98.715625 C199.75625,99.39375 200.434375,99.878125 201.1125,99.78125 L220.971875,95.90625 C221.65,95.7125 222.134375,95.034375 221.940625,94.35625 L221.940625,94.35625 Z" fill="#FFFFFF"></path>
<path d="M211.9625,106.175 C211.865625,105.4 212.35,104.721875 213.125,104.625 L222.0375,103.559375 C222.8125,103.4625 223.490625,104.04375 223.5875,104.81875 C223.684375,105.59375 223.2,106.271875 222.425,106.36875 L213.5125,107.434375 C212.834375,107.53125 212.059375,106.95 211.9625,106.175 L211.9625,106.175 Z" fill="#F3F3F3"></path>
<path d="M211.865625,106.175 C211.76875,105.303125 212.35,104.528125 213.125,104.43125 L222.0375,103.365625 C222.8125,103.26875 223.5875,103.85 223.684375,104.721875 C223.78125,105.59375 223.2,106.36875 222.425,106.465625 L213.5125,107.53125 C212.7375,107.628125 211.9625,107.046875 211.865625,106.175 L211.865625,106.175 Z M223.5875,104.81875 C223.490625,104.140625 222.8125,103.559375 222.134375,103.65625 L213.221875,104.721875 C212.54375,104.81875 212.059375,105.496875 212.15625,106.175 C212.253125,106.853125 212.93125,107.434375 213.609375,107.3375 L222.521875,106.271875 C223.2,106.175 223.684375,105.496875 223.5875,104.81875 L223.5875,104.81875 Z" fill="#FFFFFF"></path>
<path d="M201.1125,115.571875 C201.1125,114.796875 201.69375,114.11875 202.46875,114.11875 L222.715625,114.11875 C223.490625,114.11875 224.071875,114.796875 224.071875,115.571875 C224.071875,116.346875 223.490625,117.025 222.715625,117.025 L202.46875,117.025 C201.69375,117.025 201.1125,116.346875 201.1125,115.571875 L201.1125,115.571875 Z" fill="#F3F3F3"></path>
<path d="M201.015625,115.571875 C201.015625,114.7 201.69375,114.021875 202.46875,114.021875 L222.715625,114.021875 C223.490625,114.021875 224.16875,114.7 224.16875,115.571875 C224.16875,116.44375 223.490625,117.121875 222.715625,117.121875 L202.46875,117.121875 C201.69375,117.121875 201.015625,116.44375 201.015625,115.571875 L201.015625,115.571875 Z M223.975,115.66875 C223.975,114.990625 223.39375,114.3125 222.715625,114.3125 L202.46875,114.3125 C201.790625,114.3125 201.209375,114.89375 201.209375,115.66875 C201.209375,116.346875 201.790625,117.025 202.46875,117.025 L222.715625,117.025 C223.39375,116.928125 223.975,116.346875 223.975,115.66875 L223.975,115.66875 Z" fill="#FFFFFF"></path>
<path d="M211.865625,125.35625 C211.9625,124.58125 212.54375,124 213.31875,124 L222.328125,124.678125 C223.103125,124.775 223.684375,125.453125 223.5875,126.228125 C223.490625,127.003125 222.909375,127.584375 222.134375,127.584375 L213.125,126.90625 C212.446875,126.809375 211.865625,126.13125 211.865625,125.35625 L211.865625,125.35625 Z" fill="#F3F3F3"></path>
<path d="M211.76875,125.35625 C211.865625,124.484375 212.54375,123.903125 213.31875,123.903125 L222.328125,124.58125 C223.103125,124.678125 223.78125,125.35625 223.684375,126.228125 C223.5875,127.1 222.909375,127.68125 222.134375,127.68125 L213.125,127.003125 C212.35,126.90625 211.76875,126.13125 211.76875,125.35625 L211.76875,125.35625 Z M223.5875,126.228125 C223.684375,125.55 223.103125,124.871875 222.425,124.871875 L213.415625,124.19375 C212.7375,124.19375 212.15625,124.678125 212.059375,125.453125 C211.9625,126.13125 212.54375,126.809375 213.221875,126.809375 L222.23125,127.4875 C222.909375,127.4875 223.490625,126.90625 223.5875,126.228125 L223.5875,126.228125 Z" fill="#FFFFFF"></path>
<path d="M199.36875,132.428125 C199.5625,131.653125 200.240625,131.16875 201.015625,131.265625 L220.875,135.2375 C221.65,135.43125 222.134375,136.109375 221.940625,136.884375 C221.746875,137.659375 221.06875,138.14375 220.29375,138.046875 L200.434375,134.075 C199.75625,133.978125 199.271875,133.203125 199.36875,132.428125 L199.36875,132.428125 Z" fill="#F3F3F3"></path>
<path d="M199.271875,132.428125 C199.465625,131.55625 200.240625,131.071875 201.015625,131.16875 L220.875,135.140625 C221.65,135.334375 222.23125,136.109375 222.0375,136.98125 C221.84375,137.853125 221.06875,138.3375 220.29375,138.240625 L200.434375,134.26875 C199.659375,134.075 199.175,133.3 199.271875,132.428125 L199.271875,132.428125 Z M221.84375,136.98125 C221.940625,136.303125 221.553125,135.625 220.875,135.43125 L201.015625,131.459375 C200.3375,131.3625 199.659375,131.75 199.465625,132.525 C199.36875,133.203125 199.75625,133.88125 200.434375,134.075 L220.29375,138.046875 C221.06875,138.14375 221.65,137.659375 221.84375,136.98125 L221.84375,136.98125 Z" fill="#FFFFFF"></path>
<path d="M208.0875,144.053125 C208.28125,143.278125 209.05625,142.79375 209.83125,142.9875 L218.55,145.409375 C219.325,145.603125 219.7125,146.378125 219.51875,147.153125 C219.325,147.928125 218.55,148.4125 217.775,148.21875 L209.05625,145.796875 C208.28125,145.603125 207.89375,144.828125 208.0875,144.053125 L208.0875,144.053125 Z" fill="#F3F3F3"></path>
<path d="M207.990625,144.053125 C208.184375,143.278125 209.05625,142.696875 209.83125,142.9875 L218.55,145.409375 C219.325,145.603125 219.809375,146.475 219.615625,147.25 C219.421875,148.025 218.55,148.60625 217.775,148.315625 L209.05625,145.89375 C208.28125,145.7 207.796875,144.925 207.990625,144.053125 L207.990625,144.053125 Z M219.325,147.25 C219.51875,146.571875 219.13125,145.796875 218.453125,145.603125 L209.734375,143.18125 C209.05625,142.9875 208.378125,143.375 208.184375,144.15 C207.990625,144.828125 208.378125,145.603125 209.05625,145.796875 L217.775,148.21875 C218.453125,148.315625 219.13125,147.928125 219.325,147.25 L219.325,147.25 Z" fill="#FFFFFF"></path>
<path d="M194.428125,148.703125 C194.71875,147.928125 195.590625,147.6375 196.26875,147.928125 L214.965625,155.678125 C215.64375,155.96875 216.03125,156.840625 215.740625,157.51875 C215.45,158.29375 214.578125,158.584375 213.9,158.29375 L195.203125,150.54375 C194.428125,150.253125 194.1375,149.38125 194.428125,148.703125 L194.428125,148.703125 Z" fill="#F3F3F3"></path>
<path d="M194.33125,148.60625 C194.621875,147.83125 195.49375,147.44375 196.26875,147.734375 L214.965625,155.484375 C215.740625,155.775 216.03125,156.646875 215.740625,157.51875 C215.45,158.29375 214.578125,158.68125 213.803125,158.390625 L195.10625,150.640625 C194.33125,150.253125 194.040625,149.38125 194.33125,148.60625 L194.33125,148.60625 Z M215.546875,157.421875 C215.8375,156.74375 215.546875,155.96875 214.86875,155.678125 L196.171875,147.928125 C195.49375,147.6375 194.815625,148.025 194.525,148.703125 C194.234375,149.38125 194.525,150.15625 195.203125,150.446875 L213.9,158.196875 C214.578125,158.390625 215.353125,158.1 215.546875,157.421875 L215.546875,157.421875 Z" fill="#FFFFFF"></path>
<path d="M200.725,161.78125 C201.1125,161.103125 201.8875,160.8125 202.565625,161.103125 L210.60625,165.171875 C211.284375,165.4625 211.575,166.334375 211.1875,167.109375 C210.8,167.7875 210.025,168.078125 209.346875,167.7875 L201.30625,163.71875 C200.628125,163.33125 200.3375,162.459375 200.725,161.78125 L200.725,161.78125 Z" fill="#F3F3F3"></path>
<path d="M200.628125,161.684375 C201.015625,160.909375 201.8875,160.61875 202.6625,161.00625 L210.703125,165.075 C211.478125,165.4625 211.76875,166.334375 211.38125,167.109375 C210.99375,167.884375 210.121875,168.175 209.346875,167.7875 L201.30625,163.71875 C200.53125,163.428125 200.240625,162.459375 200.628125,161.684375 L200.628125,161.684375 Z M211.090625,167.0125 C211.38125,166.334375 211.1875,165.559375 210.509375,165.26875 L202.46875,161.2 C201.8875,160.909375 201.1125,161.2 200.725,161.78125 C200.434375,162.459375 200.628125,163.234375 201.30625,163.525 L209.346875,167.59375 C210.025,167.884375 210.8,167.690625 211.090625,167.0125 L211.090625,167.0125 Z" fill="#FFFFFF"></path>
<path d="M186.484375,163.621875 C186.96875,162.94375 187.74375,162.75 188.421875,163.234375 L205.278125,174.471875 C205.95625,174.859375 206.053125,175.73125 205.665625,176.409375 C205.18125,177.0875 204.40625,177.28125 203.728125,176.796875 L186.871875,165.559375 C186.19375,165.075 186,164.203125 186.484375,163.621875 L186.484375,163.621875 Z" fill="#F3F3F3"></path>
<path d="M186.3875,163.525 C186.871875,162.846875 187.840625,162.653125 188.51875,163.040625 L205.375,174.278125 C206.053125,174.7625 206.246875,175.634375 205.7625,176.409375 C205.278125,177.0875 204.309375,177.28125 203.63125,176.89375 L186.775,165.65625 C186,165.171875 185.903125,164.203125 186.3875,163.525 L186.3875,163.525 Z M205.471875,176.3125 C205.859375,175.73125 205.7625,174.859375 205.18125,174.471875 L188.325,163.234375 C187.74375,162.846875 186.96875,163.040625 186.58125,163.621875 C186.19375,164.203125 186.290625,165.075 186.871875,165.4625 L203.728125,176.7 C204.309375,177.0875 205.084375,176.89375 205.471875,176.3125 L205.471875,176.3125 Z" fill="#FFFFFF"></path>
<path d="M190.06875,177.66875 C190.553125,177.0875 191.425,176.89375 192.00625,177.378125 L199.078125,182.9 C199.659375,183.384375 199.75625,184.25625 199.271875,184.8375 C198.7875,185.41875 197.915625,185.6125 197.334375,185.128125 L190.2625,179.60625 C189.68125,179.121875 189.584375,178.25 190.06875,177.66875 L190.06875,177.66875 Z" fill="#F3F3F3"></path>
<path d="M189.971875,177.571875 C190.45625,176.89375 191.425,176.796875 192.103125,177.28125 L199.175,182.803125 C199.853125,183.2875 199.95,184.25625 199.465625,184.934375 C198.98125,185.6125 198.0125,185.709375 197.334375,185.225 L190.2625,179.703125 C189.584375,179.21875 189.4875,178.25 189.971875,177.571875 L189.971875,177.571875 Z M199.271875,184.8375 C199.75625,184.25625 199.659375,183.48125 199.078125,182.996875 L192.00625,177.475 C191.425,177.0875 190.65,177.184375 190.165625,177.765625 C189.68125,178.346875 189.778125,179.121875 190.359375,179.60625 L197.43125,185.128125 C198.0125,185.515625 198.7875,185.41875 199.271875,184.8375 L199.271875,184.8375 Z" fill="#FFFFFF"></path>
<path d="M175.634375,176.7 C176.215625,176.11875 177.0875,176.11875 177.571875,176.7 L191.909375,190.940625 C192.490625,191.521875 192.39375,192.39375 191.909375,192.878125 C191.328125,193.459375 190.45625,193.459375 189.971875,192.878125 L175.634375,178.6375 C175.15,178.153125 175.15,177.184375 175.634375,176.7 L175.634375,176.7 Z" fill="#F3F3F3"></path>
<path d="M175.634375,176.603125 C176.215625,176.021875 177.184375,176.021875 177.765625,176.603125 L192.103125,190.84375 C192.684375,191.425 192.684375,192.39375 192.103125,192.975 C191.521875,193.55625 190.553125,193.55625 189.971875,192.975 L175.634375,178.734375 C174.95625,178.153125 174.95625,177.184375 175.634375,176.603125 L175.634375,176.603125 Z M191.909375,192.78125 C192.39375,192.296875 192.39375,191.425 191.909375,190.940625 L177.571875,176.7 C177.0875,176.215625 176.215625,176.215625 175.73125,176.7 C175.246875,177.184375 175.246875,178.05625 175.73125,178.540625 L190.06875,192.78125 C190.553125,193.3625 191.328125,193.3625 191.909375,192.78125 L191.909375,192.78125 Z" fill="#FFFFFF"></path>
<path d="M176.50625,191.134375 C177.0875,190.65 177.959375,190.65 178.44375,191.23125 L184.353125,198.0125 C184.8375,198.59375 184.740625,199.465625 184.159375,199.95 C183.578125,200.434375 182.70625,200.434375 182.221875,199.853125 L176.3125,193.071875 C175.828125,192.5875 175.925,191.715625 176.50625,191.134375 L176.50625,191.134375 Z" fill="#F3F3F3"></path>
<path d="M176.409375,191.134375 C177.0875,190.553125 177.959375,190.65 178.540625,191.23125 L184.45,198.0125 C185.03125,198.59375 184.934375,199.5625 184.25625,200.14375 C183.578125,200.725 182.70625,200.628125 182.125,200.046875 L176.215625,193.265625 C175.73125,192.5875 175.73125,191.61875 176.409375,191.134375 L176.409375,191.134375 Z M184.159375,199.95 C184.740625,199.465625 184.740625,198.690625 184.353125,198.109375 L178.44375,191.328125 C177.959375,190.84375 177.184375,190.746875 176.603125,191.23125 C176.021875,191.715625 176.021875,192.490625 176.409375,193.071875 L182.31875,199.853125 C182.803125,200.434375 183.578125,200.434375 184.159375,199.95 L184.159375,199.95 Z" fill="#FFFFFF"></path>
<path d="M162.55625,187.453125 C163.234375,186.96875 164.10625,187.1625 164.49375,187.840625 L175.73125,204.6 C176.11875,205.278125 175.925,206.15 175.34375,206.5375 C174.665625,207.021875 173.79375,206.828125 173.40625,206.15 L162.16875,189.390625 C161.78125,188.7125 161.975,187.840625 162.55625,187.453125 L162.55625,187.453125 Z" fill="#F3F3F3"></path>
<path d="M162.55625,187.35625 C163.234375,186.871875 164.203125,187.065625 164.6875,187.74375 L175.925,204.503125 C176.409375,205.18125 176.215625,206.15 175.440625,206.634375 C174.7625,207.11875 173.79375,206.925 173.309375,206.246875 L162.071875,189.4875 C161.5875,188.7125 161.78125,187.840625 162.55625,187.35625 L162.55625,187.35625 Z M175.34375,206.440625 C175.925,206.053125 176.11875,205.278125 175.73125,204.696875 L164.49375,187.9375 C164.10625,187.35625 163.33125,187.259375 162.653125,187.646875 C162.071875,188.034375 161.878125,188.809375 162.265625,189.390625 L173.503125,206.15 C173.890625,206.634375 174.7625,206.828125 175.34375,206.440625 L175.34375,206.440625 Z" fill="#FFFFFF"></path>
<path d="M160.521875,201.790625 C161.2,201.403125 162.071875,201.596875 162.459375,202.275 L166.915625,210.121875 C167.303125,210.8 167.0125,211.671875 166.334375,212.059375 C165.65625,212.446875 164.784375,212.253125 164.396875,211.575 L159.940625,203.728125 C159.65,203.05 159.84375,202.178125 160.521875,201.790625 L160.521875,201.790625 Z" fill="#F3F3F3"></path>
<path d="M160.521875,201.69375 C161.296875,201.30625 162.16875,201.5 162.55625,202.178125 L167.0125,210.025 C167.4,210.703125 167.20625,211.671875 166.43125,212.059375 C165.65625,212.446875 164.784375,212.253125 164.396875,211.575 L159.940625,203.728125 C159.553125,203.05 159.746875,202.178125 160.521875,201.69375 L160.521875,201.69375 Z M166.334375,211.9625 C166.915625,211.575 167.20625,210.8 166.81875,210.21875 L162.3625,202.371875 C161.975,201.790625 161.2,201.596875 160.61875,201.8875 C160.0375,202.275 159.746875,203.05 160.134375,203.63125 L164.590625,211.478125 C164.88125,212.059375 165.753125,212.35 166.334375,211.9625 L166.334375,211.9625 Z" fill="#FFFFFF"></path>
<path d="M147.6375,195.396875 C148.4125,195.10625 149.1875,195.396875 149.478125,196.075 L157.325,214.771875 C157.615625,215.45 157.228125,216.321875 156.55,216.6125 C155.871875,216.903125 155,216.6125 154.709375,215.934375 L146.8625,197.2375 C146.571875,196.559375 146.959375,195.6875 147.6375,195.396875 L147.6375,195.396875 Z" fill="#F3F3F3"></path>
<path d="M147.6375,195.3 C148.4125,195.009375 149.284375,195.3 149.671875,196.075 L157.51875,214.771875 C157.809375,215.546875 157.421875,216.41875 156.646875,216.709375 C155.871875,217 155,216.709375 154.6125,215.934375 L146.765625,197.2375 C146.475,196.559375 146.8625,195.6875 147.6375,195.3 L147.6375,195.3 Z M156.453125,216.515625 C157.13125,216.225 157.421875,215.45 157.13125,214.86875 L149.284375,196.171875 C148.99375,195.49375 148.21875,195.203125 147.540625,195.49375 C146.8625,195.784375 146.571875,196.559375 146.8625,197.140625 L154.709375,215.8375 C155.096875,216.515625 155.775,216.80625 156.453125,216.515625 L156.453125,216.515625 Z" fill="#FFFFFF"></path>
<path d="M142.890625,209.153125 C143.665625,208.8625 144.440625,209.25 144.73125,210.025 L147.540625,218.55 C147.83125,219.228125 147.346875,220.1 146.66875,220.29375 C145.89375,220.584375 145.11875,220.196875 144.828125,219.421875 L142.01875,210.896875 C141.728125,210.21875 142.115625,209.44375 142.890625,209.153125 L142.890625,209.153125 Z" fill="#F3F3F3"></path>
<path d="M142.79375,209.05625 C143.56875,208.765625 144.440625,209.153125 144.73125,209.928125 L147.540625,218.453125 C147.83125,219.228125 147.346875,220.1 146.571875,220.390625 C145.796875,220.68125 144.925,220.29375 144.634375,219.51875 L141.825,210.99375 C141.63125,210.21875 142.01875,209.346875 142.79375,209.05625 L142.79375,209.05625 Z M146.571875,220.196875 C147.25,220.003125 147.6375,219.228125 147.44375,218.55 L144.634375,210.025 C144.440625,209.346875 143.665625,209.05625 142.9875,209.25 C142.309375,209.44375 141.921875,210.21875 142.115625,210.896875 L144.925,219.421875 C145.11875,220.1 145.89375,220.4875 146.571875,220.196875 L146.571875,220.196875 Z" fill="#FFFFFF"></path>
<path d="M131.459375,200.3375 C132.234375,200.14375 133.009375,200.628125 133.10625,201.403125 L137.175,221.2625 C137.36875,222.0375 136.7875,222.715625 136.0125,222.909375 C135.2375,223.103125 134.4625,222.61875 134.365625,221.84375 L130.296875,201.984375 C130.2,201.30625 130.684375,200.53125 131.459375,200.3375 L131.459375,200.3375 Z" fill="#F3F3F3"></path>
<path d="M131.459375,200.240625 C132.33125,200.046875 133.10625,200.628125 133.3,201.403125 L137.36875,221.2625 C137.5625,222.0375 136.98125,222.909375 136.20625,223.00625 C135.334375,223.2 134.559375,222.61875 134.365625,221.84375 L130.296875,201.984375 C130.103125,201.209375 130.5875,200.434375 131.459375,200.240625 L131.459375,200.240625 Z M136.0125,222.8125 C136.690625,222.715625 137.175,222.0375 137.078125,221.2625 L133.009375,201.403125 C132.9125,200.725 132.1375,200.240625 131.459375,200.434375 C130.78125,200.53125 130.296875,201.209375 130.39375,201.984375 L134.4625,221.84375 C134.65625,222.521875 135.334375,222.909375 136.0125,222.8125 L136.0125,222.8125 Z" fill="#FFFFFF"></path>
<path d="M124.096875,212.93125 C124.871875,212.834375 125.55,213.31875 125.74375,214.09375 L126.90625,223.00625 C127.003125,223.78125 126.421875,224.459375 125.646875,224.55625 C124.871875,224.653125 124.19375,224.16875 124,223.39375 L122.8375,214.48125 C122.740625,213.70625 123.321875,213.028125 124.096875,212.93125 L124.096875,212.93125 Z" fill="#F3F3F3"></path>
<path d="M124.096875,212.834375 C124.96875,212.7375 125.74375,213.31875 125.840625,214.09375 L127.003125,223.00625 C127.1,223.78125 126.51875,224.55625 125.646875,224.653125 C124.775,224.75 124,224.16875 123.903125,223.39375 L122.740625,214.48125 C122.64375,213.70625 123.225,212.93125 124.096875,212.834375 L124.096875,212.834375 Z M125.55,224.459375 C126.228125,224.3625 126.809375,223.684375 126.7125,223.00625 L125.55,214.09375 C125.453125,213.415625 124.775,212.93125 124.096875,213.028125 C123.41875,213.125 122.8375,213.803125 122.934375,214.48125 L124.096875,223.39375 C124.19375,224.071875 124.871875,224.55625 125.55,224.459375 L125.55,224.459375 Z" fill="#FFFFFF"></path>
<path d="M114.11875,202.08125 C114.89375,202.08125 115.571875,202.6625 115.571875,203.4375 L115.571875,223.684375 C115.571875,224.459375 114.89375,225.040625 114.11875,225.040625 C113.34375,225.040625 112.665625,224.459375 112.665625,223.684375 L112.665625,203.4375 C112.7625,202.6625 113.34375,202.08125 114.11875,202.08125 L114.11875,202.08125 Z" fill="#F3F3F3"></path>
<path d="M114.11875,201.984375 C114.990625,201.984375 115.66875,202.6625 115.66875,203.4375 L115.66875,223.684375 C115.66875,224.459375 114.990625,225.1375 114.11875,225.1375 C113.246875,225.1375 112.56875,224.459375 112.56875,223.684375 L112.56875,203.4375 C112.56875,202.6625 113.34375,201.984375 114.11875,201.984375 L114.11875,201.984375 Z M114.11875,224.94375 C114.796875,224.94375 115.475,224.3625 115.475,223.684375 L115.475,203.4375 C115.475,202.759375 114.89375,202.178125 114.11875,202.178125 C113.440625,202.178125 112.7625,202.759375 112.7625,203.4375 L112.7625,223.684375 C112.859375,224.3625 113.440625,224.94375 114.11875,224.94375 L114.11875,224.94375 Z" fill="#FFFFFF"></path>
<path d="M104.43125,212.93125 C105.20625,213.028125 105.7875,213.609375 105.7875,214.384375 L105.109375,223.39375 C105.0125,224.16875 104.334375,224.75 103.559375,224.653125 C102.784375,224.55625 102.203125,223.975 102.203125,223.2 L102.88125,214.190625 C102.978125,213.415625 103.65625,212.834375 104.43125,212.93125 L104.43125,212.93125 Z" fill="#F3F3F3"></path>
<path d="M104.43125,212.834375 C105.303125,212.93125 105.884375,213.609375 105.884375,214.384375 L105.20625,223.39375 C105.109375,224.16875 104.43125,224.846875 103.559375,224.75 C102.6875,224.653125 102.10625,223.975 102.10625,223.2 L102.784375,214.190625 C102.88125,213.31875 103.559375,212.7375 104.43125,212.834375 L104.43125,212.834375 Z M103.559375,224.55625 C104.2375,224.55625 104.915625,224.071875 104.915625,223.39375 L105.59375,214.384375 C105.59375,213.70625 105.109375,213.125 104.334375,213.028125 C103.65625,213.028125 102.978125,213.5125 102.978125,214.190625 L102.3,223.2 C102.3,223.878125 102.88125,224.459375 103.559375,224.55625 L103.559375,224.55625 Z" fill="#FFFFFF"></path>
<path d="M97.165625,200.3375 C97.940625,200.53125 98.425,201.209375 98.328125,201.984375 L94.35625,221.84375 C94.1625,222.61875 93.484375,223.103125 92.709375,222.909375 C91.934375,222.715625 91.45,222.0375 91.546875,221.2625 L95.51875,201.403125 C95.615625,200.725 96.390625,200.240625 97.165625,200.3375 L97.165625,200.3375 Z" fill="#F3F3F3"></path>
<path d="M97.165625,200.240625 C98.0375,200.434375 98.521875,201.209375 98.425,201.984375 L94.453125,221.84375 C94.259375,222.61875 93.484375,223.2 92.6125,223.00625 C91.740625,222.8125 91.25625,222.0375 91.353125,221.2625 L95.325,201.403125 C95.51875,200.628125 96.29375,200.14375 97.165625,200.240625 L97.165625,200.240625 Z M92.6125,222.8125 C93.290625,222.909375 93.96875,222.521875 94.1625,221.84375 L98.134375,201.984375 C98.23125,201.30625 97.84375,200.628125 97.06875,200.434375 C96.390625,200.3375 95.7125,200.725 95.51875,201.403125 L91.546875,221.2625 C91.45,222.0375 91.934375,222.61875 92.6125,222.8125 L92.6125,222.8125 Z" fill="#FFFFFF"></path>
<path d="M85.540625,209.05625 C86.315625,209.25 86.8,210.025 86.60625,210.8 L84.184375,219.51875 C83.990625,220.29375 83.215625,220.68125 82.440625,220.4875 C81.665625,220.29375 81.18125,219.51875 81.375,218.74375 L83.796875,210.025 C83.990625,209.25 84.765625,208.8625 85.540625,209.05625 L85.540625,209.05625 Z" fill="#F3F3F3"></path>
<path d="M85.540625,208.959375 C86.315625,209.153125 86.896875,210.025 86.60625,210.8 L84.184375,219.51875 C83.990625,220.29375 83.11875,220.778125 82.34375,220.584375 C81.56875,220.390625 80.9875,219.51875 81.278125,218.74375 L83.7,210.025 C83.89375,209.25 84.66875,208.765625 85.540625,208.959375 L85.540625,208.959375 Z M82.34375,220.29375 C83.021875,220.4875 83.796875,220.1 83.990625,219.421875 L86.4125,210.703125 C86.60625,210.025 86.21875,209.346875 85.44375,209.153125 C84.765625,208.959375 83.990625,209.346875 83.796875,210.025 L81.375,218.74375 C81.278125,219.421875 81.665625,220.1 82.34375,220.29375 L82.34375,220.29375 Z" fill="#FFFFFF"></path>
<path d="M80.79375,195.396875 C81.56875,195.6875 81.859375,196.559375 81.56875,197.2375 L73.81875,215.934375 C73.528125,216.6125 72.65625,217 71.978125,216.6125 C71.3,216.225 70.9125,215.45 71.203125,214.771875 L78.953125,196.075 C79.24375,195.396875 80.115625,195.009375 80.79375,195.396875 L80.79375,195.396875 Z" fill="#F3F3F3"></path>
<path d="M80.79375,195.3 C81.56875,195.590625 81.95625,196.4625 81.665625,197.2375 L73.915625,215.934375 C73.625,216.709375 72.753125,217 71.88125,216.709375 C71.10625,216.41875 70.71875,215.546875 71.009375,214.771875 L78.759375,196.075 C79.146875,195.3 80.01875,194.9125 80.79375,195.3 L80.79375,195.3 Z M71.978125,216.515625 C72.65625,216.80625 73.43125,216.515625 73.721875,215.8375 L81.471875,197.140625 C81.7625,196.4625 81.375,195.784375 80.696875,195.49375 C80.01875,195.203125 79.24375,195.49375 78.953125,196.171875 L71.203125,214.86875 C71.009375,215.45 71.3,216.225 71.978125,216.515625 L71.978125,216.515625 Z" fill="#FFFFFF"></path>
<path d="M67.715625,201.596875 C68.39375,201.984375 68.684375,202.759375 68.39375,203.4375 L64.325,211.478125 C63.9375,212.15625 63.1625,212.446875 62.3875,212.059375 C61.709375,211.671875 61.41875,210.896875 61.709375,210.21875 L65.778125,202.178125 C66.165625,201.5 66.940625,201.209375 67.715625,201.596875 L67.715625,201.596875 Z" fill="#F3F3F3"></path>
<path d="M67.715625,201.5 C68.490625,201.8875 68.78125,202.759375 68.39375,203.534375 L64.325,211.575 C63.9375,212.35 63.065625,212.640625 62.290625,212.253125 C61.515625,211.865625 61.225,210.99375 61.6125,210.21875 L65.68125,202.178125 C66.06875,201.403125 66.940625,201.1125 67.715625,201.5 L67.715625,201.5 Z M62.3875,212.059375 C63.065625,212.35 63.840625,212.15625 64.13125,211.478125 L68.2,203.4375 C68.490625,202.85625 68.2,202.08125 67.61875,201.69375 C66.940625,201.403125 66.165625,201.596875 65.875,202.275 L61.80625,210.315625 C61.515625,210.896875 61.80625,211.671875 62.3875,212.059375 L62.3875,212.059375 Z" fill="#FFFFFF"></path>
<path d="M65.778125,187.259375 C66.45625,187.74375 66.65,188.615625 66.165625,189.196875 L54.928125,205.95625 C54.540625,206.634375 53.66875,206.73125 52.990625,206.34375 C52.3125,205.859375 52.11875,204.9875 52.603125,204.40625 L63.840625,187.646875 C64.228125,186.96875 65.1,186.775 65.778125,187.259375 L65.778125,187.259375 Z" fill="#F3F3F3"></path>
<path d="M65.778125,187.1625 C66.45625,187.646875 66.65,188.615625 66.2625,189.29375 L55.025,206.053125 C54.540625,206.73125 53.66875,206.925 52.89375,206.440625 C52.215625,205.95625 52.021875,204.9875 52.409375,204.309375 L63.646875,187.55 C64.13125,186.871875 65.1,186.678125 65.778125,187.1625 L65.778125,187.1625 Z M52.990625,206.246875 C53.571875,206.634375 54.44375,206.5375 54.83125,205.95625 L66.06875,189.196875 C66.45625,188.615625 66.2625,187.840625 65.68125,187.453125 C65.1,187.065625 64.228125,187.1625 63.840625,187.74375 L52.603125,204.40625 C52.215625,204.9875 52.409375,205.859375 52.990625,206.246875 L52.990625,206.246875 Z" fill="#FFFFFF"></path>
<path d="M51.634375,190.84375 C52.215625,191.328125 52.409375,192.2 51.925,192.78125 L46.30625,199.853125 C45.821875,200.434375 44.95,200.53125 44.36875,200.046875 C43.7875,199.5625 43.59375,198.690625 44.078125,198.109375 L49.696875,191.0375 C50.18125,190.45625 51.053125,190.359375 51.634375,190.84375 L51.634375,190.84375 Z" fill="#F3F3F3"></path>
<path d="M51.73125,190.746875 C52.409375,191.23125 52.50625,192.2 52.021875,192.878125 L46.403125,199.95 C45.91875,200.628125 44.95,200.725 44.271875,200.14375 C43.59375,199.659375 43.496875,198.690625 43.98125,198.0125 L49.6,190.940625 C50.084375,190.2625 51.053125,190.165625 51.73125,190.746875 L51.73125,190.746875 Z M44.465625,199.95 C45.046875,200.434375 45.821875,200.3375 46.30625,199.75625 L51.925,192.684375 C52.3125,192.103125 52.215625,191.328125 51.634375,190.84375 C51.053125,190.359375 50.278125,190.45625 49.79375,191.0375 L44.175,198.109375 C43.7875,198.690625 43.884375,199.5625 44.465625,199.95 L44.465625,199.95 Z" fill="#FFFFFF"></path>
<path d="M52.603125,176.3125 C53.184375,176.89375 53.184375,177.765625 52.603125,178.25 L38.265625,192.490625 C37.684375,193.071875 36.8125,192.975 36.328125,192.490625 C35.84375,192.00625 35.746875,191.0375 36.328125,190.553125 L50.56875,176.3125 C51.15,175.73125 52.021875,175.73125 52.603125,176.3125 L52.603125,176.3125 Z" fill="#F3F3F3"></path>
<path d="M52.7,176.215625 C53.28125,176.796875 53.28125,177.765625 52.7,178.346875 L38.3625,192.5875 C37.78125,193.16875 36.8125,193.16875 36.23125,192.5875 C35.65,192.00625 35.65,191.0375 36.23125,190.45625 L50.56875,176.215625 C51.15,175.634375 52.11875,175.634375 52.7,176.215625 L52.7,176.215625 Z M36.328125,192.490625 C36.8125,192.975 37.684375,192.975 38.16875,192.490625 L52.50625,178.25 C52.990625,177.765625 52.990625,176.89375 52.50625,176.409375 C52.021875,175.925 51.15,175.925 50.665625,176.409375 L36.328125,190.65 C35.84375,191.134375 35.84375,191.909375 36.328125,192.490625 L36.328125,192.490625 Z" fill="#FFFFFF"></path>
<path d="M38.071875,177.0875 C38.55625,177.66875 38.55625,178.540625 37.975,179.025 L31.096875,184.8375 C30.515625,185.321875 29.64375,185.225 29.159375,184.64375 C28.675,184.0625 28.675,183.190625 29.25625,182.70625 L36.134375,176.89375 C36.715625,176.409375 37.5875,176.50625 38.071875,177.0875 L38.071875,177.0875 Z" fill="#F3F3F3"></path>
<path d="M38.16875,176.990625 C38.75,177.66875 38.653125,178.6375 38.071875,179.121875 L31.19375,184.934375 C30.6125,185.515625 29.64375,185.41875 29.0625,184.740625 C28.48125,184.0625 28.578125,183.09375 29.159375,182.609375 L36.0375,176.796875 C36.61875,176.215625 37.5875,176.3125 38.16875,176.990625 L38.16875,176.990625 Z M29.25625,184.64375 C29.740625,185.225 30.515625,185.225 31.096875,184.8375 L37.975,179.025 C38.459375,178.540625 38.55625,177.765625 38.071875,177.184375 C37.5875,176.603125 36.8125,176.603125 36.23125,176.990625 L29.353125,182.803125 C28.771875,183.2875 28.771875,184.0625 29.25625,184.64375 L29.25625,184.64375 Z" fill="#FFFFFF"></path>
<path d="M41.946875,163.1375 C42.43125,163.815625 42.2375,164.6875 41.559375,165.075 L24.703125,176.3125 C24.025,176.7 23.153125,176.50625 22.765625,175.925 C22.28125,175.246875 22.475,174.375 23.153125,173.9875 L40.009375,162.75 C40.590625,162.3625 41.4625,162.55625 41.946875,163.1375 L41.946875,163.1375 Z" fill="#F3F3F3"></path>
<path d="M42.04375,163.1375 C42.528125,163.815625 42.334375,164.784375 41.65625,165.26875 L24.8,176.50625 C24.121875,176.990625 23.153125,176.796875 22.66875,176.021875 C22.184375,175.34375 22.378125,174.375 23.05625,173.890625 L39.9125,162.653125 C40.590625,162.16875 41.559375,162.3625 42.04375,163.1375 L42.04375,163.1375 Z M22.8625,175.828125 C23.25,176.409375 24.025,176.603125 24.60625,176.215625 L41.4625,164.978125 C42.04375,164.590625 42.2375,163.815625 41.753125,163.1375 C41.365625,162.55625 40.590625,162.3625 40.009375,162.75 L23.153125,173.9875 C22.571875,174.471875 22.475,175.246875 22.8625,175.828125 L22.8625,175.828125 Z" fill="#FFFFFF"></path>
<path d="M27.5125,161.103125 C27.9,161.78125 27.70625,162.653125 27.028125,163.040625 L19.18125,167.496875 C18.503125,167.884375 17.63125,167.59375 17.24375,166.915625 C16.85625,166.2375 17.05,165.365625 17.728125,164.978125 L25.575,160.521875 C26.253125,160.134375 27.125,160.425 27.5125,161.103125 L27.5125,161.103125 Z" fill="#F3F3F3"></path>
<path d="M27.609375,161.00625 C27.996875,161.78125 27.803125,162.653125 27.125,163.040625 L19.278125,167.496875 C18.6,167.884375 17.63125,167.59375 17.24375,166.915625 C16.85625,166.140625 17.05,165.26875 17.728125,164.88125 L25.575,160.425 C26.253125,160.0375 27.221875,160.328125 27.609375,161.00625 L27.609375,161.00625 Z M17.340625,166.81875 C17.728125,167.496875 18.503125,167.690625 19.084375,167.303125 L26.93125,162.846875 C27.5125,162.459375 27.70625,161.684375 27.415625,161.103125 C27.028125,160.425 26.253125,160.23125 25.671875,160.61875 L17.825,165.075 C17.24375,165.365625 17.05,166.140625 17.340625,166.81875 L17.340625,166.81875 Z" fill="#FFFFFF"></path>
<path d="M34.003125,148.21875 C34.29375,148.99375 34.003125,149.76875 33.228125,150.059375 L14.53125,157.809375 C13.853125,158.1 12.98125,157.7125 12.690625,157.034375 C12.4,156.259375 12.690625,155.484375 13.465625,155.19375 L32.1625,147.44375 C32.840625,147.153125 33.7125,147.44375 34.003125,148.21875 L34.003125,148.21875 Z" fill="#F3F3F3"></path>
<path d="M34.1,148.121875 C34.390625,148.896875 34.1,149.76875 33.325,150.15625 L14.628125,157.90625 C13.853125,158.196875 12.98125,157.809375 12.690625,157.034375 C12.4,156.259375 12.690625,155.3875 13.465625,155 L32.1625,147.25 C32.9375,146.959375 33.809375,147.346875 34.1,148.121875 L34.1,148.121875 Z M12.884375,156.9375 C13.175,157.615625 13.95,157.90625 14.53125,157.7125 L33.228125,149.9625 C33.90625,149.671875 34.196875,148.896875 33.90625,148.21875 C33.615625,147.540625 32.840625,147.25 32.259375,147.44375 L13.5625,155.19375 C12.884375,155.484375 12.59375,156.259375 12.884375,156.9375 L12.884375,156.9375 Z" fill="#FFFFFF"></path>
<path d="M20.34375,143.375 C20.634375,144.15 20.246875,144.925 19.471875,145.215625 L10.946875,148.025 C10.26875,148.315625 9.396875,147.83125 9.203125,147.153125 C8.9125,146.378125 9.3,145.603125 10.075,145.3125 L18.6,142.503125 C19.278125,142.2125 20.053125,142.6 20.34375,143.375 L20.34375,143.375 Z" fill="#F3F3F3"></path>
<path d="M20.440625,143.278125 C20.73125,144.053125 20.34375,144.925 19.471875,145.215625 L10.946875,148.025 C10.171875,148.315625 9.3,147.83125 9.009375,147.05625 C8.71875,146.28125 9.10625,145.409375 9.978125,145.11875 L18.503125,142.309375 C19.278125,142.115625 20.15,142.503125 20.440625,143.278125 L20.440625,143.278125 Z M9.203125,146.959375 C9.396875,147.6375 10.171875,148.025 10.85,147.83125 L19.375,145.021875 C20.053125,144.828125 20.34375,144.053125 20.15,143.375 C19.95625,142.696875 19.18125,142.309375 18.503125,142.503125 L9.978125,145.3125 C9.3,145.603125 9.009375,146.28125 9.203125,146.959375 L9.203125,146.959375 Z" fill="#FFFFFF"></path>
<path d="M29.0625,131.846875 C29.25625,132.621875 28.771875,133.396875 27.996875,133.49375 L8.1375,137.36875 C7.3625,137.5625 6.684375,136.98125 6.490625,136.20625 C6.296875,135.43125 6.78125,134.65625 7.55625,134.559375 L27.415625,130.684375 C28.190625,130.5875 28.965625,131.071875 29.0625,131.846875 L29.0625,131.846875 Z" fill="#F3F3F3"></path>
<path d="M29.25625,131.846875 C29.45,132.71875 28.86875,133.49375 28.09375,133.6875 L8.234375,137.5625 C7.459375,137.75625 6.684375,137.175 6.490625,136.303125 C6.296875,135.43125 6.878125,134.65625 7.653125,134.4625 L27.5125,130.5875 C28.2875,130.39375 29.0625,130.975 29.25625,131.846875 L29.25625,131.846875 Z M6.684375,136.20625 C6.78125,136.884375 7.459375,137.36875 8.1375,137.271875 L27.996875,133.396875 C28.675,133.3 29.159375,132.525 28.965625,131.846875 C28.86875,131.16875 28.190625,130.684375 27.5125,130.78125 L7.653125,134.65625 C6.975,134.85 6.490625,135.528125 6.684375,136.20625 L6.684375,136.20625 Z" fill="#FFFFFF"></path>
<path d="M16.6625,124.3875 C16.759375,125.1625 16.275,125.840625 15.5,125.9375 L6.5875,127.003125 C5.8125,127.1 5.134375,126.51875 5.0375,125.74375 C4.940625,124.96875 5.425,124.290625 6.2,124.19375 L15.1125,123.128125 C15.790625,123.03125 16.565625,123.6125 16.6625,124.3875 L16.6625,124.3875 Z" fill="#F3F3F3"></path>
<path d="M16.759375,124.3875 C16.85625,125.259375 16.275,126.034375 15.5,126.13125 L6.5875,127.196875 C5.8125,127.29375 5.0375,126.7125 4.940625,125.840625 C4.84375,124.96875 5.425,124.19375 6.2,124.096875 L15.1125,123.03125 C15.8875,122.934375 16.6625,123.515625 16.759375,124.3875 L16.759375,124.3875 Z M5.0375,125.74375 C5.134375,126.421875 5.8125,127.003125 6.490625,126.90625 L15.403125,125.840625 C16.08125,125.74375 16.565625,125.065625 16.46875,124.3875 C16.371875,123.709375 15.69375,123.128125 15.015625,123.225 L6.103125,124.290625 C5.425,124.3875 4.940625,125.065625 5.0375,125.74375 L5.0375,125.74375 Z" fill="#FFFFFF"></path>
<path d="M27.5125,114.990625 C27.5125,115.765625 26.93125,116.44375 26.15625,116.44375 L5.909375,116.44375 C5.134375,116.44375 4.553125,115.765625 4.553125,114.990625 C4.553125,114.215625 5.134375,113.5375 5.909375,113.5375 L26.15625,113.5375 C26.93125,113.5375 27.5125,114.215625 27.5125,114.990625 L27.5125,114.990625 Z" fill="#F3F3F3"></path>
<path d="M27.609375,114.990625 C27.609375,115.8625 26.93125,116.540625 26.15625,116.540625 L5.909375,116.540625 C5.134375,116.540625 4.45625,115.8625 4.45625,114.990625 C4.45625,114.11875 5.134375,113.440625 5.909375,113.440625 L26.15625,113.440625 C26.93125,113.440625 27.609375,114.11875 27.609375,114.990625 L27.609375,114.990625 Z M4.65,114.89375 C4.65,115.571875 5.23125,116.25 5.909375,116.25 L26.15625,116.25 C26.834375,116.25 27.415625,115.66875 27.415625,114.89375 C27.415625,114.215625 26.834375,113.5375 26.15625,113.5375 L5.909375,113.5375 C5.23125,113.634375 4.65,114.215625 4.65,114.89375 L4.65,114.89375 Z" fill="#FFFFFF"></path>
<path d="M16.759375,105.20625 C16.6625,105.98125 16.08125,106.5625 15.30625,106.5625 L6.296875,105.884375 C5.521875,105.7875 4.940625,105.109375 5.0375,104.334375 C5.134375,103.559375 5.715625,102.978125 6.490625,102.978125 L15.5,103.65625 C16.178125,103.753125 16.759375,104.43125 16.759375,105.20625 L16.759375,105.20625 Z" fill="#E2E2E2"></path>
<path d="M16.85625,105.20625 C16.759375,106.078125 16.08125,106.659375 15.30625,106.659375 L6.296875,105.98125 C5.521875,105.884375 4.84375,105.20625 4.940625,104.334375 C5.0375,103.4625 5.715625,102.88125 6.490625,102.88125 L15.5,103.559375 C16.275,103.65625 16.85625,104.43125 16.85625,105.20625 L16.85625,105.20625 Z M5.0375,104.334375 C4.940625,105.0125 5.521875,105.690625 6.2,105.690625 L15.209375,106.36875 C15.8875,106.36875 16.46875,105.884375 16.565625,105.109375 C16.6625,104.43125 16.08125,103.753125 15.403125,103.753125 L6.39375,103.075 C5.715625,103.075 5.134375,103.65625 5.0375,104.334375 L5.0375,104.334375 Z" fill="#FFFFFF"></path>
<path d="M29.25625,98.134375 C29.0625,98.909375 28.384375,99.39375 27.609375,99.296875 L7.75,95.228125 C6.975,95.034375 6.490625,94.35625 6.684375,93.58125 C6.878125,92.80625 7.55625,92.321875 8.33125,92.41875 L28.190625,96.390625 C28.86875,96.584375 29.353125,97.359375 29.25625,98.134375 L29.25625,98.134375 Z" fill="#F3F3F3"></path>
<path d="M29.353125,98.134375 C29.159375,99.00625 28.384375,99.490625 27.609375,99.39375 L7.75,95.421875 C6.975,95.228125 6.39375,94.453125 6.5875,93.58125 C6.78125,92.709375 7.55625,92.225 8.33125,92.321875 L28.190625,96.29375 C28.965625,96.4875 29.45,97.2625 29.353125,98.134375 L29.353125,98.134375 Z M6.78125,93.58125 C6.684375,94.259375 7.071875,94.9375 7.75,95.13125 L27.609375,99.103125 C28.2875,99.2 28.965625,98.8125 29.159375,98.0375 C29.25625,97.359375 28.86875,96.68125 28.190625,96.4875 L8.33125,92.515625 C7.55625,92.41875 6.975,92.903125 6.78125,93.58125 L6.78125,93.58125 Z" fill="#FFFFFF"></path>
<path d="M20.5375,86.509375 C20.34375,87.284375 19.56875,87.76875 18.79375,87.575 L10.075,85.153125 C9.3,84.959375 8.9125,84.184375 9.10625,83.409375 C9.3,82.634375 10.075,82.15 10.85,82.34375 L19.56875,84.765625 C20.34375,84.959375 20.73125,85.734375 20.5375,86.509375 L20.5375,86.509375 Z" fill="#F3F3F3"></path>
<path d="M20.634375,86.509375 C20.440625,87.284375 19.56875,87.865625 18.79375,87.575 L10.075,85.153125 C9.3,84.959375 8.815625,84.0875 9.009375,83.3125 C9.203125,82.5375 10.075,81.95625 10.85,82.246875 L19.56875,84.66875 C20.34375,84.8625 20.828125,85.6375 20.634375,86.509375 L20.634375,86.509375 Z M9.3,83.3125 C9.10625,83.990625 9.49375,84.765625 10.171875,84.959375 L18.890625,87.38125 C19.56875,87.575 20.246875,87.1875 20.440625,86.4125 C20.634375,85.734375 20.246875,84.959375 19.56875,84.765625 L10.85,82.34375 C10.171875,82.246875 9.49375,82.634375 9.3,83.3125 L9.3,83.3125 Z" fill="#FFFFFF"></path>
<path d="M34.196875,81.859375 C33.90625,82.634375 33.034375,82.925 32.35625,82.634375 L13.659375,74.884375 C12.98125,74.59375 12.59375,73.721875 12.884375,73.04375 C13.175,72.26875 14.046875,71.978125 14.725,72.26875 L33.421875,80.01875 C34.196875,80.309375 34.4875,81.18125 34.196875,81.859375 L34.196875,81.859375 Z" fill="#F3F3F3"></path>
<path d="M34.29375,81.95625 C34.003125,82.73125 33.13125,83.11875 32.35625,82.828125 L13.659375,75.078125 C12.884375,74.7875 12.59375,73.915625 12.884375,73.04375 C13.175,72.26875 14.046875,71.88125 14.821875,72.171875 L33.51875,79.921875 C34.29375,80.309375 34.584375,81.18125 34.29375,81.95625 L34.29375,81.95625 Z M13.078125,73.140625 C12.7875,73.81875 13.078125,74.59375 13.75625,74.884375 L32.453125,82.634375 C33.13125,82.925 33.809375,82.5375 34.1,81.859375 C34.390625,81.18125 34.1,80.40625 33.421875,80.115625 L14.725,72.365625 C14.046875,72.171875 13.271875,72.4625 13.078125,73.140625 L13.078125,73.140625 Z" fill="#FFFFFF"></path>
<path d="M27.9,68.78125 C27.5125,69.459375 26.7375,69.75 26.059375,69.459375 L18.01875,65.390625 C17.340625,65.1 17.05,64.228125 17.4375,63.453125 C17.825,62.775 18.6,62.484375 19.278125,62.775 L27.31875,66.84375 C27.996875,67.23125 28.2875,68.103125 27.9,68.78125 L27.9,68.78125 Z" fill="#F3F3F3"></path>
<path d="M27.996875,68.878125 C27.609375,69.653125 26.7375,69.94375 25.9625,69.55625 L17.921875,65.4875 C17.146875,65.1 16.85625,64.228125 17.24375,63.453125 C17.63125,62.678125 18.503125,62.3875 19.278125,62.775 L27.31875,66.84375 C28.09375,67.134375 28.384375,68.103125 27.996875,68.878125 L27.996875,68.878125 Z M17.534375,63.55 C17.24375,64.228125 17.4375,65.003125 18.115625,65.29375 L26.15625,69.3625 C26.7375,69.653125 27.5125,69.3625 27.9,68.78125 C28.190625,68.103125 27.996875,67.328125 27.31875,67.0375 L19.18125,62.96875 C18.6,62.678125 17.825,62.871875 17.534375,63.55 L17.534375,63.55 Z" fill="#FFFFFF"></path>
<path d="M42.140625,66.940625 C41.65625,67.61875 40.88125,67.8125 40.203125,67.328125 L23.44375,56.1875 C22.765625,55.8 22.66875,54.928125 23.05625,54.25 C23.44375,53.571875 24.315625,53.378125 24.99375,53.8625 L41.85,65.1 C42.43125,65.4875 42.625,66.359375 42.140625,66.940625 L42.140625,66.940625 Z" fill="#F3F3F3"></path>
<path d="M42.2375,67.0375 C41.753125,67.715625 40.784375,67.909375 40.10625,67.521875 L23.346875,56.284375 C22.66875,55.8 22.475,54.928125 22.959375,54.153125 C23.44375,53.475 24.4125,53.28125 25.090625,53.66875 L41.85,64.90625 C42.625,65.390625 42.721875,66.359375 42.2375,67.0375 L42.2375,67.0375 Z M23.153125,54.25 C22.765625,54.83125 22.8625,55.703125 23.44375,56.090625 L40.3,67.328125 C40.88125,67.715625 41.65625,67.521875 42.04375,66.940625 C42.43125,66.359375 42.334375,65.4875 41.753125,65.1 L24.896875,53.8625 C24.315625,53.475 23.540625,53.66875 23.153125,54.25 L23.153125,54.25 Z" fill="#FFFFFF"></path>
<path d="M38.55625,52.89375 C38.071875,53.475 37.2,53.66875 36.61875,53.184375 L29.546875,47.6625 C28.965625,47.178125 28.86875,46.30625 29.353125,45.725 C29.8375,45.14375 30.709375,44.95 31.290625,45.434375 L38.3625,50.95625 C38.94375,51.440625 39.040625,52.3125 38.55625,52.89375 L38.55625,52.89375 Z" fill="#F3F3F3"></path>
<path d="M38.653125,52.990625 C38.16875,53.66875 37.2,53.765625 36.521875,53.28125 L29.45,47.759375 C28.771875,47.275 28.675,46.30625 29.159375,45.628125 C29.64375,44.95 30.6125,44.853125 31.290625,45.3375 L38.3625,50.859375 C39.040625,51.34375 39.1375,52.3125 38.653125,52.990625 L38.653125,52.990625 Z M29.353125,45.725 C28.86875,46.30625 28.965625,47.08125 29.546875,47.565625 L36.61875,53.0875 C37.2,53.475 37.975,53.378125 38.459375,52.796875 C38.94375,52.215625 38.846875,51.440625 38.265625,50.95625 L31.19375,45.434375 C30.6125,45.046875 29.8375,45.14375 29.353125,45.725 L29.353125,45.725 Z" fill="#FFFFFF"></path>
<path d="M52.990625,53.8625 C52.409375,54.44375 51.5375,54.44375 51.053125,53.8625 L36.61875,39.621875 C36.0375,39.040625 36.134375,38.16875 36.61875,37.684375 C37.2,37.103125 38.071875,37.103125 38.55625,37.684375 L52.89375,51.925 C53.475,52.409375 53.475,53.378125 52.990625,53.8625 L52.990625,53.8625 Z" fill="#F3F3F3"></path>
<path d="M52.990625,53.959375 C52.409375,54.540625 51.440625,54.540625 50.859375,53.959375 L36.521875,39.71875 C35.940625,39.1375 35.940625,38.16875 36.521875,37.5875 C37.103125,37.00625 38.071875,37.00625 38.653125,37.5875 L52.990625,51.828125 C53.66875,52.409375 53.66875,53.378125 52.990625,53.959375 L52.990625,53.959375 Z M36.715625,37.78125 C36.23125,38.265625 36.23125,39.1375 36.715625,39.621875 L51.053125,53.8625 C51.5375,54.346875 52.409375,54.346875 52.89375,53.8625 C53.378125,53.378125 53.378125,52.50625 52.89375,52.021875 L38.55625,37.684375 C38.071875,37.2 37.296875,37.2 36.715625,37.78125 L36.715625,37.78125 Z" fill="#FFFFFF"></path>
<path d="M52.11875,39.428125 C51.5375,39.9125 50.665625,39.9125 50.18125,39.33125 L44.271875,32.55 C43.7875,31.96875 43.884375,31.096875 44.465625,30.6125 C45.046875,30.128125 45.91875,30.128125 46.403125,30.709375 L52.3125,37.490625 C52.796875,37.975 52.7,38.846875 52.11875,39.428125 L52.11875,39.428125 Z" fill="#F3F3F3"></path>
<path d="M52.215625,39.428125 C51.5375,40.009375 50.665625,39.9125 50.084375,39.33125 L44.175,32.55 C43.59375,31.96875 43.690625,31 44.36875,30.41875 C45.046875,29.8375 45.91875,29.934375 46.5,30.515625 L52.409375,37.296875 C52.89375,37.975 52.89375,38.94375 52.215625,39.428125 L52.215625,39.428125 Z M44.465625,30.6125 C43.884375,31.096875 43.884375,31.871875 44.271875,32.453125 L50.18125,39.234375 C50.665625,39.71875 51.440625,39.815625 52.021875,39.33125 C52.603125,38.846875 52.603125,38.071875 52.215625,37.490625 L46.30625,30.709375 C45.821875,30.128125 45.046875,30.128125 44.465625,30.6125 L44.465625,30.6125 Z" fill="#FFFFFF"></path>
<path d="M66.06875,43.109375 C65.390625,43.59375 64.51875,43.4 64.13125,42.721875 L52.796875,25.9625 C52.409375,25.284375 52.603125,24.4125 53.184375,24.025 C53.8625,23.540625 54.734375,23.734375 55.121875,24.4125 L66.359375,41.171875 C66.84375,41.85 66.65,42.721875 66.06875,43.109375 L66.06875,43.109375 Z" fill="#F3F3F3"></path>
<path d="M66.06875,43.20625 C65.390625,43.690625 64.421875,43.496875 63.9375,42.81875 L52.7,26.059375 C52.215625,25.38125 52.409375,24.4125 53.184375,23.928125 C53.8625,23.44375 54.83125,23.6375 55.315625,24.315625 L66.553125,41.075 C67.0375,41.85 66.84375,42.721875 66.06875,43.20625 L66.06875,43.20625 Z M53.28125,24.121875 C52.7,24.509375 52.50625,25.284375 52.89375,25.865625 L64.13125,42.625 C64.51875,43.20625 65.29375,43.303125 65.971875,42.915625 C66.553125,42.528125 66.746875,41.753125 66.359375,41.171875 L55.121875,24.509375 C54.734375,23.928125 53.8625,23.734375 53.28125,24.121875 L53.28125,24.121875 Z" fill="#FFFFFF"></path>
<path d="M68.103125,28.771875 C67.425,29.159375 66.553125,28.965625 66.165625,28.2875 L61.709375,20.440625 C61.321875,19.7625 61.6125,18.890625 62.290625,18.503125 C62.96875,18.115625 63.840625,18.309375 64.228125,18.9875 L68.684375,26.834375 C68.975,27.5125 68.78125,28.384375 68.103125,28.771875 L68.103125,28.771875 Z" fill="#F3F3F3"></path>
<path d="M68.103125,28.86875 C67.328125,29.25625 66.45625,29.0625 66.06875,28.384375 L61.6125,20.5375 C61.225,19.859375 61.41875,18.890625 62.19375,18.503125 C62.96875,18.115625 63.840625,18.309375 64.228125,18.9875 L68.684375,26.834375 C69.071875,27.5125 68.878125,28.384375 68.103125,28.86875 L68.103125,28.86875 Z M62.290625,18.6 C61.709375,18.9875 61.41875,19.7625 61.80625,20.34375 L66.2625,28.190625 C66.65,28.771875 67.425,28.965625 68.00625,28.675 C68.5875,28.2875 68.878125,27.5125 68.490625,26.93125 L64.034375,19.084375 C63.74375,18.503125 62.871875,18.2125 62.290625,18.6 L62.290625,18.6 Z" fill="#FFFFFF"></path>
<path d="M80.9875,35.165625 C80.2125,35.45625 79.4375,35.165625 79.146875,34.4875 L71.3,15.790625 C71.009375,15.1125 71.396875,14.240625 72.075,13.95 C72.85,13.659375 73.625,13.95 73.915625,14.628125 L81.7625,33.325 C82.053125,34.003125 81.665625,34.875 80.9875,35.165625 L80.9875,35.165625 Z" fill="#F3F3F3"></path>
<path d="M80.9875,35.2625 C80.2125,35.553125 79.340625,35.2625 78.953125,34.4875 L71.10625,15.790625 C70.815625,15.015625 71.203125,14.14375 71.978125,13.853125 C72.753125,13.5625 73.625,13.853125 74.0125,14.628125 L81.859375,33.325 C82.15,34.003125 81.7625,34.875 80.9875,35.2625 L80.9875,35.2625 Z M72.171875,14.046875 C71.49375,14.3375 71.203125,15.1125 71.49375,15.69375 L79.340625,34.390625 C79.63125,35.06875 80.40625,35.359375 81.084375,35.06875 C81.7625,34.778125 82.053125,34.003125 81.7625,33.421875 L73.915625,14.725 C73.528125,14.046875 72.85,13.75625 72.171875,14.046875 L72.171875,14.046875 Z" fill="#FFFFFF"></path>
<path d="M85.734375,21.409375 C84.959375,21.7 84.184375,21.3125 83.89375,20.5375 L81.084375,12.0125 C80.79375,11.334375 81.278125,10.4625 81.95625,10.26875 C82.634375,10.075 83.50625,10.365625 83.796875,11.140625 L86.60625,19.665625 C86.896875,20.34375 86.509375,21.11875 85.734375,21.409375 L85.734375,21.409375 Z" fill="#F3F3F3"></path>
<path d="M85.83125,21.50625 C85.05625,21.796875 84.184375,21.409375 83.89375,20.634375 L81.084375,12.109375 C80.79375,11.334375 81.278125,10.4625 82.053125,10.171875 C82.828125,9.88125 83.7,10.26875 83.990625,11.04375 L86.8,19.56875 C86.99375,20.34375 86.60625,21.215625 85.83125,21.50625 L85.83125,21.50625 Z M82.053125,10.365625 C81.375,10.559375 80.9875,11.334375 81.18125,12.0125 L83.990625,20.5375 C84.184375,21.215625 84.959375,21.50625 85.6375,21.3125 C86.315625,21.11875 86.703125,20.34375 86.509375,19.665625 L83.7,11.140625 C83.50625,10.4625 82.73125,10.075 82.053125,10.365625 L82.053125,10.365625 Z" fill="#FFFFFF"></path>
<path d="M97.165625,30.225 C96.390625,30.41875 95.615625,29.934375 95.51875,29.159375 L91.45,9.3 C91.25625,8.525 91.8375,7.846875 92.6125,7.653125 C93.3875,7.459375 94.1625,7.94375 94.259375,8.71875 L98.328125,28.578125 C98.425,29.25625 97.940625,30.03125 97.165625,30.225 L97.165625,30.225 Z" fill="#F3F3F3"></path>
<path d="M97.165625,30.321875 C96.29375,30.515625 95.51875,29.934375 95.325,29.159375 L91.25625,9.3 C91.0625,8.525 91.64375,7.653125 92.41875,7.55625 C93.290625,7.3625 94.065625,7.94375 94.259375,8.71875 L98.328125,28.578125 C98.521875,29.353125 98.0375,30.128125 97.165625,30.321875 L97.165625,30.321875 Z M92.6125,7.75 C91.934375,7.846875 91.45,8.525 91.546875,9.3 L95.615625,29.159375 C95.7125,29.8375 96.4875,30.321875 97.165625,30.128125 C97.84375,30.03125 98.328125,29.353125 98.23125,28.578125 L94.1625,8.71875 C93.96875,8.040625 93.290625,7.653125 92.6125,7.75 L92.6125,7.75 Z" fill="#FFFFFF"></path>
<path d="M104.528125,17.63125 C103.753125,17.728125 103.075,17.24375 102.88125,16.46875 L101.71875,7.55625 C101.621875,6.78125 102.203125,6.103125 102.978125,6.00625 C103.753125,5.909375 104.43125,6.39375 104.625,7.16875 L105.7875,16.08125 C105.884375,16.85625 105.303125,17.534375 104.528125,17.63125 L104.528125,17.63125 Z" fill="#F3F3F3"></path>
<path d="M104.528125,17.728125 C103.65625,17.825 102.88125,17.24375 102.784375,16.46875 L101.621875,7.55625 C101.525,6.78125 102.10625,6.00625 102.978125,5.909375 C103.85,5.8125 104.625,6.39375 104.721875,7.16875 L105.884375,16.08125 C105.98125,16.85625 105.4,17.63125 104.528125,17.728125 L104.528125,17.728125 Z M103.075,6.103125 C102.396875,6.2 101.815625,6.878125 101.9125,7.55625 L103.075,16.46875 C103.171875,17.146875 103.85,17.63125 104.528125,17.534375 C105.20625,17.4375 105.7875,16.759375 105.690625,16.08125 L104.528125,7.16875 C104.43125,6.490625 103.753125,6.00625 103.075,6.103125 L103.075,6.103125 Z" fill="#FFFFFF"></path>
<circle fill-opacity="0.200000003" fill="url(#linearGradient-4)" cx="114.990625" cy="115.184375" r="114.7"></circle>
</g>
<path d="M204.115625,51.15 L111.6,110.4375 L111.503125,110.4375 L111.503125,110.534375 L111.40625,110.63125 L53.66875,205.859375 L138.53125,137.5625 L138.628125,137.465625 L138.628125,137.36875 L204.115625,51.15 Z" fill="black" fill-opacity="0.05" filter="url(#filter-5)"></path>
<path d="M202.371875,45.628125 L110.921875,110.63125 L138.046875,137.5625 L202.371875,45.628125" fill="#CD151E"></path>
<path d="M111.01875,110.4375 L124.678125,123.903125 L202.371875,45.628125 L111.01875,110.4375 Z" fill="#FA5153"></path>
<path d="M111.01875,110.4375 L138.14375,137.36875 L46.69375,202.371875 L111.01875,110.4375 Z" fill="#ACACAC"></path>
<path d="M46.69375,202.371875 L124.678125,123.903125 L111.01875,110.4375 L46.69375,202.371875 Z" fill="#EEEEEE"></path>
</g>
</g>
</svg>                    <span>Safari</span>
</a>
</li>

<li class="browser microsoft_edge">
<a href="https://www.microsoft.com/edge?r=1">
<?xml version="1.0" encoding="utf-8"?>
<!DOCTYPE svg PUBLIC "-//W3C//DTD SVG 1.1//EN" "http://www.w3.org/Graphics/SVG/1.1/DTD/svg11.dtd">
<svg id="Layer_1" xmlns="http://www.w3.org/2000/svg" xmlns:xlink="http://www.w3.org/1999/xlink" viewBox="0 0 256 256"><defs><style>.cls-1{fill:url(#linear-gradient);}.cls-2{opacity:0.35;fill:url(#radial-gradient);}.cls-2,.cls-4{isolation:isolate;}.cls-3{fill:url(#linear-gradient-2);}.cls-4{opacity:0.41;fill:url(#radial-gradient-2);}.cls-5{fill:url(#radial-gradient-3);}.cls-6{fill:url(#radial-gradient-4);}</style><linearGradient id="linear-gradient" x1="63.33" y1="84.03" x2="241.67" y2="84.03" gradientTransform="matrix(1, 0, 0, -1, 0, 266)" gradientUnits="userSpaceOnUse"><stop offset="0" stop-color="#0c59a4"/><stop offset="1" stop-color="#114a8b"/></linearGradient><radialGradient id="radial-gradient" cx="161.83" cy="68.91" r="95.38" gradientTransform="matrix(1, 0, 0, -0.95, 0, 248.84)" gradientUnits="userSpaceOnUse"><stop offset="0.72" stop-opacity="0"/><stop offset="0.95" stop-opacity="0.53"/><stop offset="1"/></radialGradient><linearGradient id="linear-gradient-2" x1="157.35" y1="161.39" x2="45.96" y2="40.06" gradientTransform="matrix(1, 0, 0, -1, 0, 266)" gradientUnits="userSpaceOnUse"><stop offset="0" stop-color="#1b9de2"/><stop offset="0.16" stop-color="#1595df"/><stop offset="0.67" stop-color="#0680d7"/><stop offset="1" stop-color="#0078d4"/></linearGradient><radialGradient id="radial-gradient-2" cx="-340.29" cy="62.99" r="143.24" gradientTransform="matrix(0.15, -0.99, -0.8, -0.12, 176.64, -125.4)" gradientUnits="userSpaceOnUse"><stop offset="0.76" stop-opacity="0"/><stop offset="0.95" stop-opacity="0.5"/><stop offset="1"/></radialGradient><radialGradient id="radial-gradient-3" cx="113.37" cy="570.21" r="202.43" gradientTransform="matrix(-0.04, 1, 2.13, 0.08, -1179.54, -106.69)" gradientUnits="userSpaceOnUse"><stop offset="0" stop-color="#35c1f1"/><stop offset="0.11" stop-color="#34c1ed"/><stop offset="0.23" stop-color="#2fc2df"/><stop offset="0.31" stop-color="#2bc3d2"/><stop offset="0.67" stop-color="#36c752"/></radialGradient><radialGradient id="radial-gradient-4" cx="376.52" cy="567.97" r="97.34" gradientTransform="matrix(0.28, 0.96, 0.78, -0.23, -303.76, -148.5)" gradientUnits="userSpaceOnUse"><stop offset="0" stop-color="#66eb6e"/><stop offset="1" stop-color="#66eb6e" stop-opacity="0"/></radialGradient></defs><title>Edge_Logo_265x265</title><path class="cls-1" d="M235.68,195.46a93.73,93.73,0,0,1-10.54,4.71,101.87,101.87,0,0,1-35.9,6.46c-47.32,0-88.54-32.55-88.54-74.32A31.48,31.48,0,0,1,117.13,105c-42.8,1.8-53.8,46.4-53.8,72.53,0,73.88,68.09,81.37,82.76,81.37,7.91,0,19.84-2.3,27-4.56l1.31-.44A128.34,128.34,0,0,0,241,201.1,4,4,0,0,0,235.68,195.46Z" transform="translate(-4.63 -4.92)"/><path class="cls-2" d="M235.68,195.46a93.73,93.73,0,0,1-10.54,4.71,101.87,101.87,0,0,1-35.9,6.46c-47.32,0-88.54-32.55-88.54-74.32A31.48,31.48,0,0,1,117.13,105c-42.8,1.8-53.8,46.4-53.8,72.53,0,73.88,68.09,81.37,82.76,81.37,7.91,0,19.84-2.3,27-4.56l1.31-.44A128.34,128.34,0,0,0,241,201.1,4,4,0,0,0,235.68,195.46Z" transform="translate(-4.63 -4.92)"/><path class="cls-3" d="M110.34,246.34A79.2,79.2,0,0,1,87.6,225,80.72,80.72,0,0,1,117.13,105c3.12-1.47,8.45-4.13,15.54-4a32.35,32.35,0,0,1,25.69,13,31.88,31.88,0,0,1,6.36,18.66c0-.21,24.46-79.6-80-79.6-43.9,0-80,41.66-80,78.21a130.15,130.15,0,0,0,12.11,56,128,128,0,0,0,156.38,67.11,75.55,75.55,0,0,1-62.78-8Z" transform="translate(-4.63 -4.92)"/><path class="cls-4" d="M110.34,246.34A79.2,79.2,0,0,1,87.6,225,80.72,80.72,0,0,1,117.13,105c3.12-1.47,8.45-4.13,15.54-4a32.35,32.35,0,0,1,25.69,13,31.88,31.88,0,0,1,6.36,18.66c0-.21,24.46-79.6-80-79.6-43.9,0-80,41.66-80,78.21a130.15,130.15,0,0,0,12.11,56,128,128,0,0,0,156.38,67.11,75.55,75.55,0,0,1-62.78-8Z" transform="translate(-4.63 -4.92)"/><path class="cls-5" d="M156.94,153.78c-.81,1.05-3.3,2.5-3.3,5.66,0,2.61,1.7,5.12,4.72,7.23,14.38,10,41.49,8.68,41.56,8.68A59.56,59.56,0,0,0,230.19,167a61.38,61.38,0,0,0,30.43-52.88c.26-22.41-8-37.31-11.34-43.91C228.09,28.76,182.35,4.92,132.61,4.92a128,128,0,0,0-128,126.2c.48-36.54,36.8-66.05,80-66.05,3.5,0,23.46.34,42,10.07,16.34,8.58,24.9,18.94,30.85,29.21,6.18,10.67,7.28,24.15,7.28,29.52S162,147.2,156.94,153.78Z" transform="translate(-4.63 -4.92)"/><path class="cls-6" d="M156.94,153.78c-.81,1.05-3.3,2.5-3.3,5.66,0,2.61,1.7,5.12,4.72,7.23,14.38,10,41.49,8.68,41.56,8.68A59.56,59.56,0,0,0,230.19,167a61.38,61.38,0,0,0,30.43-52.88c.26-22.41-8-37.31-11.34-43.91C228.09,28.76,182.35,4.92,132.61,4.92a128,128,0,0,0-128,126.2c.48-36.54,36.8-66.05,80-66.05,3.5,0,23.46.34,42,10.07,16.34,8.58,24.9,18.94,30.85,29.21,6.18,10.67,7.28,24.15,7.28,29.52S162,147.2,156.94,153.78Z" transform="translate(-4.63 -4.92)"/></svg>                    <span>Microsoft Edge</span>
</a>
</li>
</ul>

<label for="ddl__old_browser_popup-63b067109aefc">
<button role="button" class="close">
<span>Zatvoriť</span>
</button>
</label>
</div>
</div>

<link rel="stylesheet" type="text/css" href="/css/old_browser_popup.css" />
<script type="text/javascript" src="/js/old_browser_popup.js" defer></script>

<div class="ddl__loading">
<div class="ddl__loading__spinner">
<div></div>
<div></div>
<div></div>
</div>
</div>
<link rel="stylesheet" type="text/css" href="/css/plugins/tescoce/DDL/loading_spinner.css" />
<script type="text/javascript" src="/js/tescoce/DDL/loading_spinner.js"></script>


<div class="custom-bkg" rel="ddl-product-listing">
<div class="container ddl-grid   "
rel="ddl-product-listing"
data-url="akciove-ponuky-akciove-produkty-napoje">
<div class="gdpr_cookie_banner" data-preferences='["experience","advertising"]'>
<div class="gdpr_cookie_banner_wrapper">
<div class="ddl-grid gdpr_cookie_banner_inner">
<div class="newddl-text-editor text">
<h4 class="nddl h4">Použ&iacute;vame cookies, aby sme v&aacute;m uľahčili použ&iacute;vanie na&scaron;ej webovej str&aacute;nky. Dajte n&aacute;m vedieť o va&scaron;ich preferenci&aacute;ch.</h4>
<p>Chcete vedieť viac? Preč&iacute;tajte si na&scaron;e z&aacute;sady t&yacute;kaj&uacute;ce sa&nbsp;<a class="newddl-link" title="s&uacute;borov cookie" href="https://tesco.sk/ochrana-sukromia/" target="_blank" rel="noopener"><span class="link-label">s&uacute;borov cookies</span></a> <a
href="https://tesco.sk/spravovat-vase-predvolby-cookie"
type="button"
role="button"
class="newddl-link cookieManage"
title="Spravovať s&uacute;bory cookies"
>
<span class="link-label">Spravovať s&uacute;bory cookies</span>
</a></p>            </div>

<div class="buttons">
<form action="https://tesco.sk/spravovat-vase-predvolby-cookie" method="post">
<div class="nddl-sr-only">
<input type="hidden" name="__token" value="ZjQ5MDQ5NzlhMDFjYzc3NGRmZDExMDNkZWRjZmE1YWI=" />            
<label for="accept-all">Odmietnuť s&uacute;bory cookie</label>
<input type="hidden" name="__reject-all" id="__reject-all" value="1" />
</div>

<button
type="submit"
role="button"
class="newddl-button blue no-icon min-width cookieReject"
title="Odmietnuť s&uacute;bory cookie"
>
<span class="link-label">Odmietnuť s&uacute;bory cookie</span>
</button>
</form>

<form action="https://tesco.sk/spravovat-vase-predvolby-cookie" method="post">
<div class="nddl-sr-only">
<input type="hidden" name="__token" value="ZjQ5MDQ5NzlhMDFjYzc3NGRmZDExMDNkZWRjZmE1YWI=" />            
<label for="accept-all">Prijať v&scaron;etky cookies</label>
<input type="hidden" name="__accept-all" id="__accept-all" value="1" />
</div>

<button
type="submit"
role="button"
class="newddl-button blue no-icon min-width cookieAccept"
title="Prijať v&scaron;etky cookies"
>
<span class="link-label">Prijať v&scaron;etky cookies</span>
</button>
</form>
</div>
</div>
</div>
</div>

<div
class="row cf row_p0"
style="padding-top: 0px;
"
>
<div
class="box cf box_p1"
style="
width: 100%                    float: left;
padding-left: 0px;
"
>
</div>

<div class="clear-float"></div>
</div>
<div
class="row cf row_p1"
style="padding-top: 0px;
"
>
<div
class="box cf box_p1"
style="
width: 100%                    float: left;
padding-left: 0px;
"
>
<div
class="box_inner cf"
style="margin-top: 0px;"
>

<div class="ddl_property_header__wrapper pagewide -header -version">
<div class="ddl">
<div class="ddl_property_header">
<div class="header_container">
<div class="header_wrapper">
<div class="ddl_property_header__wrapper">
<div class="ddl">
<div class="ddl_property_header">
<div class="header_container">
<div class="header_wrapper">
<div class="heading">
<a href="/"
class="logo" title="">
<img src="/imgglobal/TES_LOGO_REDBLUE_CMYK.svg" alt="Tesco" title="Tesco" />
</a>


<div id="store_widgets_wrapper" class="widgets_wrapper ">


<div class="search_wrapper_mobile">
<span class="ddl_link_button button-primary icon-only mobile_search_toggle">
<i class="icon"><!-- ddl_icon -->
<svg class="ddl_icon icon_search" id="icon_search"
viewBox="0 0 26 26" width="100%" height="100%"><title>icon_search</title> <circle
class="a" cx="10" cy="10" r="6.5"></circle><line
class="a" x1="14.47" y1="14.47" x2="22.5"
y2="22.5"></line> </svg>
</i>
</span>
<div class="dropdown-content-ddl">
<form action="/vyhladavanie/"
style="width: 100%;" role="search" method="GET">
<fieldset class="search_box">
<span class="ddl_text_field">
<div class="float-left">
<input class="ddl_text_field_input"
placeholder="Vyhľadať"
name="q">
</div>
</span>
<button type="submit" class="ddl-sws-button"><span
class="drop-down-btn-text">Vyhľadať</span>
</button>
</fieldset>
</form>
</div>
<div class="dropdown-shroud"></div>
</div>
<form action="/vyhladavanie/" autocomplete="off"
method="GET" class="search_wrapper">

<span class="ddl_text_field inside_header__autoComplete" id="inside_header__autoComplete__input">
<div style="width: 100%;" class="float-left">
<input class="ddl_text_field_input inside_header__autoComplete__input"
placeholder="Vyhľadať"
name="q"
data-leafletpageurl="/akciove-ponuky/letaky-a-katalogy/"
data-productpageurl="/akciove-ponuky/akciove-produkty/produkt"
data-shopdetailspage="/obchody/detail-obchodu"
data-categorypage="/akciove-ponuky/akciove-produkty"
data-articlepage=""
data-articlecppage=""
data-blist_url="/akciove-ponuky/zoznam-produktu/"
data-search_logic="search-ddl"
/>
<div class="inside_header__autoComplete__results">
<ul class="inside_header__autoComplete__results__list" data-emptytext=""></ul>
</div>
</div>
</span>                                                    
<button id="inside_header__submit" type="submit"
class="ddl_link_button button-primary icon-only">
<i class="icon"><!-- ddl_icon -->
<svg class="ddl_icon icon_search" id="icon_search"
viewBox="0 0 26 26" width="100%" height="100%">
<title>Vyhľadať</title>
<circle class="a" cx="10" cy="10" r="6.5"></circle>
<line class="a" x1="14.47" y1="14.47" x2="22.5" y2="22.5"></line>
</svg>
</i>
</button>
</form>


<div class="account_wrapper">
<a href="/akciove-ponuky/nakupny-zoznam/"
class="ddl_link_button button-primary icon-only myshopping-list-button redCircleDiv">
<i class="icon">
<svg xmlns="http://www.w3.org/2000/svg" width="41" height="44"><path fill="none" stroke="#fff" stroke-miterlimit="20" stroke-width="1.2" d="M12 31.5h17v-19H12zM22 16.5h4M22 27.5h4M22 22h4"/><path fill="none" stroke="#fff" stroke-miterlimit="20" stroke-width="1.2" d="M14 17.154 15.895 19 20 15M14 22.154 15.895 24 20 20M14 27.154 15.895 29 20 25"/></svg>
</i>

</a>

<a
href="/obchody/"
class="ddl_link_button button-primary icon-only store_locator"
title="N&aacute;jsť obchod"
>
<i class="icon">
<svg xmlns="http://www.w3.org/2000/svg" width="42" height="45"><path fill="none" stroke="#fff" stroke-miterlimit="20" stroke-width="1.2" d="M24.5 21a3.5 3.5 0 1 1-7 0 3.5 3.5 0 0 1 7 0z"/><path fill="none" stroke="#fff" stroke-miterlimit="20" stroke-width="1.2" d="M15.145 27.152C13 25 12.5 23.335 12.5 21c0-4.687 3.813-8.5 8.5-8.5 4.688 0 8.5 3.813 8.5 8.5 0 2.337-.5 4-2.632 6.14L21 33z"/></svg>
</i>
</a>

<div
id="property_header_mobile_menu"
class="ddl_link_button button-primary icon-only"
title=""
>
<i class="icon">
<svg
xmlns="http://www.w3.org/2000/svg"
width="40"
height="38"
>
<path
fill="none"
stroke="#fff"
stroke-miterlimit="20"
stroke-width="1.2"
d="M12 12.5h16M12 25.5h16M12 19h16"
/>
</svg>
</i>
</div>
</div>

</div>
</div>
</div>
</div>
</div>
</div>
</div>
</div>
</div>
</div>
</div>
</div>
</div>
</div>

<div class="clear-float"></div>
</div>
<div
class="row cf row_p2"
style="padding-top: 0px;
"
>
<div
class="box cf box_p1"
style="
width: 100%                    float: left;
padding-left: 0px;
"
>
<div
class="box_inner cf"
style="margin-top: 0px;"
>

<div
class="m-propertyNavigationV2 pagewide breadcrumbs_added"
>
<div id="propertyNavigationV2__backbutton" style="display: none;">
<!-- ddl_link_standalone -->
<div class="ddl_link_standalone back_button" style="padding: 14px 13px;">
<div>
<i class="icon">
<!-- ddl_icon -->
<svg class="ddl_icon icon_backward_link" id="icon_backward_link" viewBox="0 0 18 24" width="100%" height="100%">
<title>icon_backward_link</title>
<polyline class="a" points="12.69 20.65 3.72 12 12.69 3.36"></polyline>
</svg>
<!-- ddl_icon -->
</i>
<span class="label">Späť</span>
</div>
</div>
<!-- ddl_link_standalone -->

</div>
<div class="hidden visible-xx-fixed visible-xs-fixed visible-sm-fixed showUnderlineOnMe">
<div class="a-propertyNavigationV2__mobileTrigger ddl">
<span class="a-propertyNavigationV2__mobileTrigger__label">Menu</span>
<!-- ddl_icon -->
<svg class="ddl_icon icon_expand" id="icon_expand" viewBox="0 0 24 18" width="100%" height="100%"><title>icon_expand</title> <polyline class="a" points="20.65 5.31 12 14.28 3.36 5.31"></polyline> </svg>
<!-- ddl_icon -->
</div>
</div>
<div class="a-propertyNavigationV2__overlay"></div>
<div class="a-propertyNavigationV2__entries_wrapper">
<div class="ddl-grid makeItRain1236 jsInsertLayersHere" style="border-bottom: 1px solid #ccc;box-sizing: border-box;">
<ul class="a-propertyNavigationV2__entries">
<li class="a-propertyNavigationV2__entries__entry -hasSubmenu">
<div data-url="" class="a-propertyNavigationV2__entries__entry__heading ddl hasSub"  data-ga-type="GHS Link" data-ga-ec="GHS link" data-ga-ea="White menu" data-ga-el="">

<h3 class="a-propertyNavigationV2__entries__entry__heading__title">Online n&aacute;kupy</h3>
<!-- forward icon for mobile menu -->
<!-- ddl_icon -->
<svg class="hidden visible-xx-fixed visible-xs-fixed visible-sm-fixed icon ddl_icon icon_forward_link" id="icon_forward_link" viewBox="0 0 18 24" width="100%" height="100%">
<title>icon_forward_link</title>
<polyline class="a" points="5.31 3.35 14.28 12 5.31 20.64"></polyline>
</svg>
<!-- ddl_icon -->
<!-- forward icon for mobile menu -->

</div>

<div class="a-propertyNavigationV2__entries__entry__submenu">
<ul class="a-propertyNavigationV2__entries__entry__submenu__entries">
<li
class="
a-propertyNavigationV2__entries__entry__submenu__entries__entry
"
>
<a
href="https://potravinydomov.itesco.sk/groceries/sk-SK/"
class="a-propertyNavigationV2__entries__entry__submenu__entries__entry__heading"
data-serverinfo="/akciove-ponuky/akciove-produkty/napoje/"
>
<h4 class="a-propertyNavigationV2__entries__entry__submenu__entries__entry__heading__title">
Nakupujte teraz                          </h4>
</a>
</li>
<li
class="
a-propertyNavigationV2__entries__entry__submenu__entries__entry
"
>
<a
href="https://potravinydomov.itesco.sk/online-club/sk-SK/"
class="a-propertyNavigationV2__entries__entry__submenu__entries__entry__heading"
data-serverinfo="/akciove-ponuky/akciove-produkty/napoje/"
>
<h4 class="a-propertyNavigationV2__entries__entry__submenu__entries__entry__heading__title">
Online Club                          </h4>
</a>
</li>
<li
class="
a-propertyNavigationV2__entries__entry__submenu__entries__entry
"
>
<a
href="/vas-prvy-online-nakup/"
class="a-propertyNavigationV2__entries__entry__submenu__entries__entry__heading"
data-serverinfo="/akciove-ponuky/akciove-produkty/napoje/"
>
<h4 class="a-propertyNavigationV2__entries__entry__submenu__entries__entry__heading__title">
Tesco Online n&aacute;kupy                          </h4>
</a>
</li>
<li
class="
a-propertyNavigationV2__entries__entry__submenu__entries__entry
"
>
<a
href="/klikniavyzdvihni/"
class="a-propertyNavigationV2__entries__entry__submenu__entries__entry__heading"
data-serverinfo="/akciove-ponuky/akciove-produkty/napoje/"
>
<h4 class="a-propertyNavigationV2__entries__entry__submenu__entries__entry__heading__title">
Klikni+Vyzdvihni                          </h4>
</a>
</li>
<li
class="
a-propertyNavigationV2__entries__entry__submenu__entries__entry
"
>
<a
href="/aplikacia-online-nakupy/"
class="a-propertyNavigationV2__entries__entry__submenu__entries__entry__heading"
data-serverinfo="/akciove-ponuky/akciove-produkty/napoje/"
>
<h4 class="a-propertyNavigationV2__entries__entry__submenu__entries__entry__heading__title">
Mobiln&aacute; aplik&aacute;cia                          </h4>
</a>
</li>
<li
class="
a-propertyNavigationV2__entries__entry__submenu__entries__entry
"
>
<a
href="/predregistracia/"
class="a-propertyNavigationV2__entries__entry__submenu__entries__entry__heading"
data-serverinfo="/akciove-ponuky/akciove-produkty/napoje/"
>
<h4 class="a-propertyNavigationV2__entries__entry__submenu__entries__entry__heading__title">
Predregistr&aacute;cia Online n&aacute;kupy                          </h4>
</a>
</li>
</ul>
</div>
</li>
<li class="a-propertyNavigationV2__entries__entry">
<a href="/clubcard/" class="a-propertyNavigationV2__entries__entry__heading ddl" >

<h3 class="a-propertyNavigationV2__entries__entry__heading__title">Clubcard</h3>
<!-- forward icon for mobile menu -->
<!-- ddl_icon -->
<!-- ddl_icon -->
<!-- forward icon for mobile menu -->

</a>

</li>
<li class="a-propertyNavigationV2__entries__entry">
<a href="/hello/sezona/vianoce/" class="a-propertyNavigationV2__entries__entry__heading ddl" >

<h3 class="a-propertyNavigationV2__entries__entry__heading__title">Vianoce</h3>
<!-- forward icon for mobile menu -->
<!-- ddl_icon -->
<!-- ddl_icon -->
<!-- forward icon for mobile menu -->

</a>

</li>
<li class="a-propertyNavigationV2__entries__entry">
<a href="/setrite-s-nami/" class="a-propertyNavigationV2__entries__entry__heading ddl" >

<h3 class="a-propertyNavigationV2__entries__entry__heading__title">&Scaron;etrite s nami</h3>
<!-- forward icon for mobile menu -->
<!-- ddl_icon -->
<!-- ddl_icon -->
<!-- forward icon for mobile menu -->

</a>

</li>
<li class="a-propertyNavigationV2__entries__entry">
<a href="/poctiva-pekaren/" class="a-propertyNavigationV2__entries__entry__heading ddl" >

<h3 class="a-propertyNavigationV2__entries__entry__heading__title">Poctiv&aacute; pek&aacute;reň</h3>
<!-- forward icon for mobile menu -->
<!-- ddl_icon -->
<!-- ddl_icon -->
<!-- forward icon for mobile menu -->

</a>

</li>
<li class="a-propertyNavigationV2__entries__entry -hasSubmenu">
<div data-url="" class="a-propertyNavigationV2__entries__entry__heading ddl hasSub" >

<h3 class="a-propertyNavigationV2__entries__entry__heading__title">Akciov&eacute; ponuky</h3>
<!-- forward icon for mobile menu -->
<!-- ddl_icon -->
<svg class="hidden visible-xx-fixed visible-xs-fixed visible-sm-fixed icon ddl_icon icon_forward_link" id="icon_forward_link" viewBox="0 0 18 24" width="100%" height="100%">
<title>icon_forward_link</title>
<polyline class="a" points="5.31 3.35 14.28 12 5.31 20.64"></polyline>
</svg>
<!-- ddl_icon -->
<!-- forward icon for mobile menu -->

</div>

<div class="a-propertyNavigationV2__entries__entry__submenu">
<ul class="a-propertyNavigationV2__entries__entry__submenu__entries">
<li
class="
a-propertyNavigationV2__entries__entry__submenu__entries__entry
"
>
<a
href="/akciove-ponuky/letaky-a-katalogy/"
class="a-propertyNavigationV2__entries__entry__submenu__entries__entry__heading"
data-serverinfo="/akciove-ponuky/akciove-produkty/napoje/"
>
<h4 class="a-propertyNavigationV2__entries__entry__submenu__entries__entry__heading__title">
Let&aacute;ky a katal&oacute;gy                          </h4>
</a>
</li>
<li
class="
a-propertyNavigationV2__entries__entry__submenu__entries__entry
"
>
<a
href="/akciove-ponuky/akciove-produkty/"
class="a-propertyNavigationV2__entries__entry__submenu__entries__entry__heading"
data-serverinfo="/akciove-ponuky/akciove-produkty/napoje/"
>
<h4 class="a-propertyNavigationV2__entries__entry__submenu__entries__entry__heading__title">
Produkty                          </h4>
</a>
</li>
<li
class="
a-propertyNavigationV2__entries__entry__submenu__entries__entry
"
>
<a
href="/akciove-ponuky/akcie-a-sutaze/"
class="a-propertyNavigationV2__entries__entry__submenu__entries__entry__heading"
data-serverinfo="/akciove-ponuky/akciove-produkty/napoje/"
>
<h4 class="a-propertyNavigationV2__entries__entry__submenu__entries__entry__heading__title">
Akcie a s&uacute;ťaže                          </h4>
</a>
</li>
</ul>
</div>
</li>
<li class="a-propertyNavigationV2__entries__entry -hasSubmenu">
<div data-url="" class="a-propertyNavigationV2__entries__entry__heading ddl hasSub" >

<h3 class="a-propertyNavigationV2__entries__entry__heading__title">Tesco služby</h3>
<!-- forward icon for mobile menu -->
<!-- ddl_icon -->
<svg class="hidden visible-xx-fixed visible-xs-fixed visible-sm-fixed icon ddl_icon icon_forward_link" id="icon_forward_link" viewBox="0 0 18 24" width="100%" height="100%">
<title>icon_forward_link</title>
<polyline class="a" points="5.31 3.35 14.28 12 5.31 20.64"></polyline>
</svg>
<!-- ddl_icon -->
<!-- forward icon for mobile menu -->

</div>

<div class="a-propertyNavigationV2__entries__entry__submenu">
<ul class="a-propertyNavigationV2__entries__entry__submenu__entries">
<li
class="
a-propertyNavigationV2__entries__entry__submenu__entries__entry
"
>
<a
href="https://tescomobile.sk/"
class="a-propertyNavigationV2__entries__entry__submenu__entries__entry__heading"
data-serverinfo="/akciove-ponuky/akciove-produkty/napoje/"
>
<h4 class="a-propertyNavigationV2__entries__entry__submenu__entries__entry__heading__title">
Tesco Mobile                          </h4>
</a>
</li>
<li
class="
a-propertyNavigationV2__entries__entry__submenu__entries__entry
"
>
<a
href="/financnesluzby/"
class="a-propertyNavigationV2__entries__entry__submenu__entries__entry__heading"
data-serverinfo="/akciove-ponuky/akciove-produkty/napoje/"
>
<h4 class="a-propertyNavigationV2__entries__entry__submenu__entries__entry__heading__title">
Finančn&eacute; služby                          </h4>
</a>
</li>
<li
class="
a-propertyNavigationV2__entries__entry__submenu__entries__entry
"
>
<a
href="/moneygram/"
class="a-propertyNavigationV2__entries__entry__submenu__entries__entry__heading"
data-serverinfo="/akciove-ponuky/akciove-produkty/napoje/"
>
<h4 class="a-propertyNavigationV2__entries__entry__submenu__entries__entry__heading__title">
Moneygram                          </h4>
</a>
</li>
<li
class="
a-propertyNavigationV2__entries__entry__submenu__entries__entry
"
>
<a
href="/darcekove-poukazky/"
class="a-propertyNavigationV2__entries__entry__submenu__entries__entry__heading"
data-serverinfo="/akciove-ponuky/akciove-produkty/napoje/"
>
<h4 class="a-propertyNavigationV2__entries__entry__submenu__entries__entry__heading__title">
Pouk&aacute;žky Tesco                          </h4>
</a>
</li>
<li
class="
a-propertyNavigationV2__entries__entry__submenu__entries__entry
"
>
<a
href="/scan-and-shop/"
class="a-propertyNavigationV2__entries__entry__submenu__entries__entry__heading"
data-serverinfo="/akciove-ponuky/akciove-produkty/napoje/"
>
<h4 class="a-propertyNavigationV2__entries__entry__submenu__entries__entry__heading__title">
Scan&Shop                          </h4>
</a>
</li>
<li
class="
a-propertyNavigationV2__entries__entry__submenu__entries__entry
"
>
<a
href="/cerpacie-stanice/"
class="a-propertyNavigationV2__entries__entry__submenu__entries__entry__heading"
data-serverinfo="/akciove-ponuky/akciove-produkty/napoje/"
>
<h4 class="a-propertyNavigationV2__entries__entry__submenu__entries__entry__heading__title">
Čerpacie stanice                          </h4>
</a>
</li>
<li
class="
a-propertyNavigationV2__entries__entry__submenu__entries__entry
"
>
<a
href="https://www.pasaze.sk/kontakt/"
class="a-propertyNavigationV2__entries__entry__submenu__entries__entry__heading"
data-serverinfo="/akciove-ponuky/akciove-produkty/napoje/"
>
<h4 class="a-propertyNavigationV2__entries__entry__submenu__entries__entry__heading__title">
Pas&aacute;že Tesco                          </h4>
</a>
</li>
</ul>
</div>
</li>
<li class="a-propertyNavigationV2__entries__entry -hasSubmenu">
<div data-url="" class="a-propertyNavigationV2__entries__entry__heading ddl hasSub" >

<h3 class="a-propertyNavigationV2__entries__entry__heading__title">Tesco značky</h3>
<!-- forward icon for mobile menu -->
<!-- ddl_icon -->
<svg class="hidden visible-xx-fixed visible-xs-fixed visible-sm-fixed icon ddl_icon icon_forward_link" id="icon_forward_link" viewBox="0 0 18 24" width="100%" height="100%">
<title>icon_forward_link</title>
<polyline class="a" points="5.31 3.35 14.28 12 5.31 20.64"></polyline>
</svg>
<!-- ddl_icon -->
<!-- forward icon for mobile menu -->

</div>

<div class="a-propertyNavigationV2__entries__entry__submenu">
<ul class="a-propertyNavigationV2__entries__entry__submenu__entries">
<li
class="
a-propertyNavigationV2__entries__entry__submenu__entries__entry
"
>
<a
href="/ff/"
class="a-propertyNavigationV2__entries__entry__submenu__entries__entry__heading"
data-serverinfo="/akciove-ponuky/akciove-produkty/napoje/"
>
<h4 class="a-propertyNavigationV2__entries__entry__submenu__entries__entry__heading__title">
F&F                          </h4>
</a>
</li>
<li
class="
a-propertyNavigationV2__entries__entry__submenu__entries__entry
"
>
<a
href="/hello/sezona/grill-master/"
class="a-propertyNavigationV2__entries__entry__submenu__entries__entry__heading"
data-serverinfo="/akciove-ponuky/akciove-produkty/napoje/"
>
<h4 class="a-propertyNavigationV2__entries__entry__submenu__entries__entry__heading__title">
Grill Master                          </h4>
</a>
</li>
<li
class="
a-propertyNavigationV2__entries__entry__submenu__entries__entry
"
>
<a
href="/zdrave-jedlo-dobre-jedlo/"
class="a-propertyNavigationV2__entries__entry__submenu__entries__entry__heading"
data-serverinfo="/akciove-ponuky/akciove-produkty/napoje/"
>
<h4 class="a-propertyNavigationV2__entries__entry__submenu__entries__entry__heading__title">
&Scaron;peci&aacute;lna v&yacute;živa                          </h4>
</a>
</li>
<li
class="
a-propertyNavigationV2__entries__entry__submenu__entries__entry
"
>
<a
href="/own-brand/"
class="a-propertyNavigationV2__entries__entry__submenu__entries__entry__heading"
data-serverinfo="/akciove-ponuky/akciove-produkty/napoje/"
>
<h4 class="a-propertyNavigationV2__entries__entry__submenu__entries__entry__heading__title">
Tesco kvalita                          </h4>
</a>
</li>
<li
class="
a-propertyNavigationV2__entries__entry__submenu__entries__entry
"
>
<a
href="/tesco-finest/"
class="a-propertyNavigationV2__entries__entry__submenu__entries__entry__heading"
data-serverinfo="/akciove-ponuky/akciove-produkty/napoje/"
>
<h4 class="a-propertyNavigationV2__entries__entry__submenu__entries__entry__heading__title">
Tesco Finest                          </h4>
</a>
</li>
<li
class="
a-propertyNavigationV2__entries__entry__submenu__entries__entry
"
>
<a
href="/bicykle/"
class="a-propertyNavigationV2__entries__entry__submenu__entries__entry__heading"
data-serverinfo="/akciove-ponuky/akciove-produkty/napoje/"
>
<h4 class="a-propertyNavigationV2__entries__entry__submenu__entries__entry__heading__title">
Bicykle                          </h4>
</a>
</li>
<li
class="
a-propertyNavigationV2__entries__entry__submenu__entries__entry
"
>
<a
href="/proformula/"
class="a-propertyNavigationV2__entries__entry__submenu__entries__entry__heading"
data-serverinfo="/akciove-ponuky/akciove-produkty/napoje/"
>
<h4 class="a-propertyNavigationV2__entries__entry__submenu__entries__entry__heading__title">
Pro Formula                          </h4>
</a>
</li>
<li
class="
a-propertyNavigationV2__entries__entry__submenu__entries__entry
"
>
<a
href="/sluzby-a-znacky/tesco-znacky/pet-specialist/"
class="a-propertyNavigationV2__entries__entry__submenu__entries__entry__heading"
data-serverinfo="/akciove-ponuky/akciove-produkty/napoje/"
>
<h4 class="a-propertyNavigationV2__entries__entry__submenu__entries__entry__heading__title">
PET specialist                          </h4>
</a>
</li>
<li
class="
a-propertyNavigationV2__entries__entry__submenu__entries__entry
"
>
<a
href="/jednoducho-bez-kompromisov/"
class="a-propertyNavigationV2__entries__entry__submenu__entries__entry__heading"
data-serverinfo="/akciove-ponuky/akciove-produkty/napoje/"
>
<h4 class="a-propertyNavigationV2__entries__entry__submenu__entries__entry__heading__title">
Jedlo so sebou                          </h4>
</a>
</li>
<li
class="
a-propertyNavigationV2__entries__entry__submenu__entries__entry
"
>
<a
href="/sluzby-a-znacky/Fred-&-Flo/"
class="a-propertyNavigationV2__entries__entry__submenu__entries__entry__heading"
data-serverinfo="/akciove-ponuky/akciove-produkty/napoje/"
>
<h4 class="a-propertyNavigationV2__entries__entry__submenu__entries__entry__heading__title">
Fred&Flo                          </h4>
</a>
</li>
<li
class="
a-propertyNavigationV2__entries__entry__submenu__entries__entry
"
>
<a
href="/go-cook/"
class="a-propertyNavigationV2__entries__entry__submenu__entries__entry__heading"
data-serverinfo="/akciove-ponuky/akciove-produkty/napoje/"
>
<h4 class="a-propertyNavigationV2__entries__entry__submenu__entries__entry__heading__title">
Go Cook                          </h4>
</a>
</li>
</ul>
</div>
</li>
<li class="a-propertyNavigationV2__entries__entry -hasSubmenu">
<div data-url="" class="a-propertyNavigationV2__entries__entry__heading ddl hasSub" >

<h3 class="a-propertyNavigationV2__entries__entry__heading__title">Tesco v SR</h3>
<!-- forward icon for mobile menu -->
<!-- ddl_icon -->
<svg class="hidden visible-xx-fixed visible-xs-fixed visible-sm-fixed icon ddl_icon icon_forward_link" id="icon_forward_link" viewBox="0 0 18 24" width="100%" height="100%">
<title>icon_forward_link</title>
<polyline class="a" points="5.31 3.35 14.28 12 5.31 20.64"></polyline>
</svg>
<!-- ddl_icon -->
<!-- forward icon for mobile menu -->

</div>

<div class="a-propertyNavigationV2__entries__entry__submenu">
<ul class="a-propertyNavigationV2__entries__entry__submenu__entries">
<li
class="
a-propertyNavigationV2__entries__entry__submenu__entries__entry
"
>
<a
href="https://kariera.tesco.sk/"
class="a-propertyNavigationV2__entries__entry__submenu__entries__entry__heading"
data-serverinfo="/akciove-ponuky/akciove-produkty/napoje/"
>
<h4 class="a-propertyNavigationV2__entries__entry__submenu__entries__entry__heading__title">
Kari&eacute;ra                          </h4>
</a>
</li>
<li
class="
a-propertyNavigationV2__entries__entry__submenu__entries__entry
"
>
<a
href="/tesco-sr/kontakty/"
class="a-propertyNavigationV2__entries__entry__submenu__entries__entry__heading"
data-serverinfo="/akciove-ponuky/akciove-produkty/napoje/"
>
<h4 class="a-propertyNavigationV2__entries__entry__submenu__entries__entry__heading__title">
Kontakty                          </h4>
</a>
</li>
<li
class="
a-propertyNavigationV2__entries__entry__submenu__entries__entry
"
>
<a
href="https://corporate.tesco.sk/media/tlacove-spravy/"
class="a-propertyNavigationV2__entries__entry__submenu__entries__entry__heading"
data-serverinfo="/akciove-ponuky/akciove-produkty/napoje/"
>
<h4 class="a-propertyNavigationV2__entries__entry__submenu__entries__entry__heading__title">
Pre novin&aacute;rov                          </h4>
</a>
</li>
<li
class="
a-propertyNavigationV2__entries__entry__submenu__entries__entry
"
>
<a
href="https://corporate.tesco.sk/strategia-udrzatelnosti/planeta/boj-proti-plytvaniu-potravinami/"
class="a-propertyNavigationV2__entries__entry__submenu__entries__entry__heading"
data-serverinfo="/akciove-ponuky/akciove-produkty/napoje/"
>
<h4 class="a-propertyNavigationV2__entries__entry__submenu__entries__entry__heading__title">
Boj proti plytvaniu potravinami                          </h4>
</a>
</li>
<li
class="
a-propertyNavigationV2__entries__entry__submenu__entries__entry
"
>
<a
href="/vratenie-a-zaruka/"
class="a-propertyNavigationV2__entries__entry__submenu__entries__entry__heading"
data-serverinfo="/akciove-ponuky/akciove-produkty/napoje/"
>
<h4 class="a-propertyNavigationV2__entries__entry__submenu__entries__entry__heading__title">
Vr&aacute;tenie a z&aacute;ruka                          </h4>
</a>
</li>
<li
class="
a-propertyNavigationV2__entries__entry__submenu__entries__entry
"
>
<a
href="/potravinova-zbierka/"
class="a-propertyNavigationV2__entries__entry__submenu__entries__entry__heading"
data-serverinfo="/akciove-ponuky/akciove-produkty/napoje/"
>
<h4 class="a-propertyNavigationV2__entries__entry__submenu__entries__entry__heading__title">
Potravinov&aacute; zbierka                          </h4>
</a>
</li>
<li
class="
a-propertyNavigationV2__entries__entry__submenu__entries__entry
"
>
<a
href="/tesco-sr/mobilne-aplikacie/"
class="a-propertyNavigationV2__entries__entry__submenu__entries__entry__heading"
data-serverinfo="/akciove-ponuky/akciove-produkty/napoje/"
>
<h4 class="a-propertyNavigationV2__entries__entry__submenu__entries__entry__heading__title">
Mobiln&eacute; aplik&aacute;cie                          </h4>
</a>
</li>
<li
class="
a-propertyNavigationV2__entries__entry__submenu__entries__entry
"
>
<a
href="/volba-spotrebitelov/"
class="a-propertyNavigationV2__entries__entry__submenu__entries__entry__heading"
data-serverinfo="/akciove-ponuky/akciove-produkty/napoje/"
>
<h4 class="a-propertyNavigationV2__entries__entry__submenu__entries__entry__heading__title">
Voľba spotrebiteľa                          </h4>
</a>
</li>
<li
class="
a-propertyNavigationV2__entries__entry__submenu__entries__entry
"
>
<a
href="/25rokov/"
class="a-propertyNavigationV2__entries__entry__submenu__entries__entry__heading"
data-serverinfo="/akciove-ponuky/akciove-produkty/napoje/"
>
<h4 class="a-propertyNavigationV2__entries__entry__submenu__entries__entry__heading__title">
25 rokov                          </h4>
</a>
</li>
<li
class="
a-propertyNavigationV2__entries__entry__submenu__entries__entry
"
>
<a
href="/pomahame/"
class="a-propertyNavigationV2__entries__entry__submenu__entries__entry__heading"
data-serverinfo="/akciove-ponuky/akciove-produkty/napoje/"
>
<h4 class="a-propertyNavigationV2__entries__entry__submenu__entries__entry__heading__title">
Vy rozhodujete, my pom&aacute;hame                          </h4>
</a>
</li>
<li
class="
a-propertyNavigationV2__entries__entry__submenu__entries__entry
"
>
<a
href="https://corporate.tesco.sk/strategia-udrzatelnosti/"
class="a-propertyNavigationV2__entries__entry__submenu__entries__entry__heading"
data-serverinfo="/akciove-ponuky/akciove-produkty/napoje/"
>
<h4 class="a-propertyNavigationV2__entries__entry__submenu__entries__entry__heading__title">
Spoločensk&aacute; zodpovednosť                          </h4>
</a>
</li>
</ul>
</div>
</li>
</ul>
</div>

<div class="ddl-grid property_breadcrumbs">
<div class="tescocp-breadcrumbs  slim-version">
<div class="tescocp-breadcrums-inner">
<i class="icon home-icon">
<a href="/" title="Home">
<svg id="icon_home" viewBox="0 0 24 28" width="100%" height="100%"><polygon class="a" points="12 3.5 3.5 10.25 3.5 22.5 9.5 22.5 9.5 14.5 14.5 14.5 14.5 22.5 20.5 22.5 20.5 10.25 12 3.5"></polygon> </svg>
</a>
</i>
<i class="icon next-icon">
<svg id="icon_forward_link" viewBox="0 0 18 24" width="100%" height="100%"><polyline class="a" points="5.31 3.35 14.28 12 5.31 20.64"></polyline> </svg>
</i>
<a href="/" class="cp-breadcrumbs" title="Akciov&eacute; ponuky"><span class="no-link">Akciov&eacute; ponuky</span>
</a><i class="icon next-icon">
<svg id="icon_forward_link" viewBox="0 0 18 24" width="100%" height="100%"><polyline class="a" points="5.31 3.35 14.28 12 5.31 20.64"></polyline> </svg>
</i>
<a href="/akciove-ponuky/akciove-produkty/" class="cp-breadcrumbs" title="Produkty"><span class="no-link">Produkty</span>
</a></div>
</div>
</div>


</div>
</div>
</div>
</div>

<div class="clear-float"></div>
</div>
<div
class="row cf row_p3"
style="padding-top: 0px;
"
>
<div
class="box cf box_p1"
style="
width: 100%                    float: left;
padding-left: 0px;
"
>
<div
class="box_inner cf"
style="margin-top: 0px;"
>


<script type="text/javascript">
var product = {"category":["N\u00e1poje"]};
</script>

<script type="text/javascript">
var product = {"category":["N\u00e1poje"]};
$(function(){
if(typeof dataLayer != 'undefined'){
dataLayer.push({
'event':'pageType',
'pageType':'product category',
'pageCategory1':'Nápoje'
});
}
});
</script>


<div class="makeItRain1236">
<div class="ddl-grid--24 o-productListing">
<div class="ddl-col--xs--24 ddl-col--md--3 hidden visible-md">
<div class="m-categories">
<ul class="a-categories__list">
<li class="a-categories__list__item ">
<a href="/akciove-ponuky/akciove-produkty/">
Všetky kategórie                                    </a>
</li>
<li class="a-categories__list__item ">
<a href="/akciove-ponuky/akciove-produkty/ovocie-a-zelenina/">
Ovocie a zelenina                                    </a>
</li>
<li class="a-categories__list__item ">
<a href="/akciove-ponuky/akciove-produkty/mliecne-vyrobky-vajcia-a-pecivo/">
Mliečne výrobky, vajcia a pečivo                                    </a>
</li>
<li class="a-categories__list__item ">
<a href="/akciove-ponuky/akciove-produkty/maso-ryby-a-udeniny/">
Mäso, Ryby a údeniny                                    </a>
</li>
<li class="a-categories__list__item ">
<a href="/akciove-ponuky/akciove-produkty/trvanlive-potraviny/">
Trvanlivé potraviny                                    </a>
</li>
<li class="a-categories__list__item ">
<a href="/akciove-ponuky/akciove-produkty/mrazene-potraviny/">
Mrazené potraviny                                    </a>
</li>
<li class="a-categories__list__item active">
<a href="/akciove-ponuky/akciove-produkty/napoje/">
Nápoje                                    </a>
</li>
<li class="a-categories__list__item ">
<a href="/akciove-ponuky/akciove-produkty/vina/">
Vína                                    </a>
</li>
<li class="a-categories__list__item ">
<a href="/akciove-ponuky/akciove-produkty/domacnost/">
Domácnosť                                    </a>
</li>
<li class="a-categories__list__item ">
<a href="/akciove-ponuky/akciove-produkty/kozmetika-a-starostlivost-o-dieta/">
Kozmetika a starostlivosť o dieťa                                    </a>
</li>
<li class="a-categories__list__item ">
<a href="/akciove-ponuky/akciove-produkty/chovatelske-potreby/">
Chovateľské potreby                                    </a>
</li>
<li class="a-categories__list__item ">
<a href="/akciove-ponuky/akciove-produkty/auto-domov-a-hobby-potreby/">
Auto, domov a hobby potreby                                    </a>
</li>
<li class="a-categories__list__item ">
<a href="/akciove-ponuky/akciove-produkty/zahrada/">
Záhrada                                    </a>
</li>
<li class="a-categories__list__item">
<h3 class="a-categories__title"
style="margin-top:20px;">Špeciálne ponuky</h3>
</li>
<li class="a-categories__list__item ">
<a href="/akciove-ponuky/zoznam-produktu/cerstvych-5/">
Čerstvých 5                                    </a>
</li>
<li class="a-categories__list__item ">
<a href="/akciove-ponuky/zoznam-produktu/ziskajte-jedinecne-ponuky-s-clubcard/">
Získajte jedinečné ponuky s Clubcard                                    </a>
</li>
<li class="a-categories__list__item ">
<a href="/akciove-ponuky/zoznam-produktu/tesco-finest/">
Tesco Finest                                    </a>
</li>
<li class="a-categories__list__item ">
<a href="/akciove-ponuky/zoznam-produktu/novorocne-snacky/">
Novoročné snacky                                    </a>
</li>
<li class="a-categories__list__item ">
<a href="/akciove-ponuky/zoznam-produktu/silvestrovska-dekoracia/">
Silvestrovská dekorácia                                    </a>
</li>
<li class="a-categories__list__item ">
<a href="/akciove-ponuky/zoznam-produktu/liehoviny-a-destilaty/">
Liehoviny a destiláty                                    </a>
</li>
</ul>
</div>
</div>
<div class="ddl-col--xs--24 ddl-col--md--13">
<div class="m-productListing__products">
<h1>Produkty</h1>

<div class="ddl-store-selector-stolen_from_cplatform"
data-detailpage="/akciove-ponuky/akciove-produkty">

<div class="inline-block choose-store cf">

<div class="change-this newddl-text-field newddl-select2 inline-block"
style="display: inline-block;">

<div class="input-group newddl-select-menu-wrapper select-fav">

<select class="newddl-select" name="favorite-store">
<option value=""
selected="selected">Vybrať váš obľúbený obchod</option>
<option                                             value="esm-nitra-prior">ESM Nitra PRIOR</option>                                            <option                                             value="banska-bystrica-strieborne-namestie-expres">Expres Banská Bystrica Strieborné námestie</option>                                            <option                                             value="bratislava-americke-namestie-expres">Expres Bratislava Americké Námestie</option>                                            <option                                             value="bratislava-bieloruska-expres">Expres Bratislava Bieloruská</option>                                            <option                                             value="bratislava-blagoevova-expres">Expres Bratislava Blagoevova</option>                                            <option                                             value="bratislava-brestovka-expres">Expres Bratislava Brestovka</option>                                            <option                                             value="bratislava-hotel-city-expres">Expres Bratislava Hotel City</option>                                            <option                                             value="bratislava-jeseniova-expres">Expres Bratislava Jeséniova</option>                                            <option                                             value="bratislava-komarnicka-expres">Expres Bratislava Komárnická</option>                                            <option                                             value="bratislava-kosicka-expres">Expres Bratislava Košická</option>                                            <option                                             value="bratislava-kresankova-expres">Expres Bratislava Kresánkova</option>                                            <option                                             value="bratislava-majernikova-expres">Expres Bratislava Majerníkova</option>                                            <option                                             value="bratislava-malokarpatske-nam-expres">Expres Bratislava Malokarpatské nám.</option>                                            <option                                             value="bratislava-martincekova-expres">Expres Bratislava Martinčekova</option>                                            <option                                             value="bratislava-namestie-hraniciarov-expres">Expres Bratislava Námestie hraničiarov</option>                                            <option                                             value="bratislava-perla-ruzinova-expres">Expres Bratislava Perla Ružinova</option>                                            <option                                             value="bratislava-racianska-expres">Expres Bratislava Račianska</option>                                            <option                                             value="bratislava-sevcenkova-expres">Expres Bratislava Ševčenkova</option>                                            <option                                             value="bratislava-slimak-expres">Expres Bratislava Slimák</option>                                            <option                                             value="bratislava-stromova-expres">Expres Bratislava Stromová</option>                                            <option                                             value="bratislava-svoradova-expres">Expres Bratislava Svoradova</option>                                            <option                                             value="bratislava-vienna-gate-expres">Expres Bratislava Vienna Gate</option>                                            <option                                             value="bratislava-zitavska-expres">Expres Bratislava Žitavská</option>                                            <option                                             value="cana-expres">Expres Čaňa</option>                                            <option                                             value="lednicke-rovne-expres">Expres Lednické Rovne</option>                                            <option                                             value="michalovce-spitalska-expres">Expres Michalovce Špitálska</option>                                            <option                                             value="pata-expres">Expres Pata</option>                                            <option                                             value="sucany-expres">Expres Sučany</option>                                            <option                                             value="trnava-spacinska-expres">Expres Trnava Špačinská</option>                                            <option                                             value="zahorska-bystrica-expres">Expres Záhorská Bystrica</option>                                            <option                                             value="zilina-vlcince-expres">Expres Žilina Vlčince</option>                                            <option                                             value="bratislava-lamac-extra">EXTRA Bratislava Lamač</option>                                            <option                                             value="bratislava-petrzalka-extra">EXTRA Bratislava Petržalka</option>                                            <option                                             value="bratislava-zlate-piesky-extra">EXTRA Bratislava Zlaté piesky</option>                                            <option                                             value="kosice-extra">EXTRA Košice</option>                                            <option                                             value="trnava-extra">EXTRA Trnava</option>                                            <option                                             value="zvolen-extra">EXTRA Zvolen</option>                                            <option                                             value="banovce-nad-bebravou-hypermarket">Hypermarket Bánovce nad Bebravou</option>                                            <option                                             value="banska-bystrica-hypermarket">Hypermarket Banská Bystrica</option>                                            <option                                             value="bardejov-hypermarket">Hypermarket Bardejov</option>                                            <option                                             value="bratislava-podunajske-biskupice-hypermarket">Hypermarket Bratislava Podunajské Biskupice</option>                                            <option                                             value="bratislava-saratovska-hypermarket">Hypermarket Bratislava Saratovská</option>                                            <option                                             value="brezno-hypermarket">Hypermarket Brezno</option>                                            <option                                             value="cadca-hypermarket">Hypermarket Čadca</option>                                            <option                                             value="detva-hypermarket">Hypermarket Detva</option>                                            <option                                             value="bratislava-devinska-nova-ves-hypermarket">Hypermarket Devínska Nová Ves</option>                                            <option                                             value="doln-kubin-hypermarket">Hypermarket Dolný Kubín</option>                                            <option                                             value="dubnica-nad-vahom-hypermarket">Hypermarket Dubnica nad Váhom</option>                                            <option                                             value="dunajska-streda-hypermarket">Hypermarket Dunajská Streda</option>                                            <option                                             value="filakovo-hypermarket">Hypermarket Fiľakovo</option>                                            <option                                             value="galanta-hypermarket">Hypermarket Galanta</option>                                            <option                                             value="hlohovec-hypermarket">Hypermarket Hlohovec</option>                                            <option                                             value="humenne-hypermarket">Hypermarket Humenné</option>                                            <option                                             value="kezmarok-hypermarket">Hypermarket Kežmarok</option>                                            <option                                             value="komarno-hypermarket">Hypermarket Komárno</option>                                            <option                                             value="kosice-nad-jazerom-hypermarket">Hypermarket Košice Nad jazerom</option>                                            <option                                             value="levice-hypermarket">Hypermarket Levice</option>                                            <option                                             value="liptovsky-mikulas-hypermarket">Hypermarket Liptovský Mikuláš</option>                                            <option                                             value="lucenec-hypermarket">Hypermarket Lučenec</option>                                            <option                                             value="malacky-hypermarket">Hypermarket Malacky</option>                                            <option                                             value="martin-hypermarket">Hypermarket Martin</option>                                            <option                                             value="michalovce-hypermarket">Hypermarket Michalovce</option>                                            <option                                             value="myjava-hypermarket">Hypermarket Myjava</option>                                            <option                                             value="nitra-hypermarket">Hypermarket Nitra</option>                                            <option                                             value="nove-mesto-nad-vahom-hypermarket">Hypermarket Nové Mesto nad Váhom</option>                                            <option                                             value="nove-zamky-hypermarket">Hypermarket Nové Zámky</option>                                            <option                                             value="partizanske-hypermarket">Hypermarket Partizánske</option>                                            <option                                             value="pezinok-hypermarket">Hypermarket Pezinok</option>                                            <option                                             value="piestany-hypermarket">Hypermarket Piešťany</option>                                            <option                                             value="poprad-hypermarket">Hypermarket Poprad</option>                                            <option                                             value="povazska-bystrica-hypermarket">Hypermarket Považská Bystrica</option>                                            <option                                             value="presov-hypermarket">Hypermarket Prešov</option>                                            <option                                             value="presov-vukov-hypermarket">Hypermarket Prešov Vukov</option>                                            <option                                             value="prievidza-hypermarket">Hypermarket Prievidza</option>                                            <option                                             value="puchov-hypermarket">Hypermarket Púchov</option>                                            <option                                             value="revuca-hypermarket">Hypermarket Revúca</option>                                            <option                                             value="rimavska-sobota-hypermarket">Hypermarket Rimavská Sobota</option>                                            <option                                             value="roznava-hypermarket">Hypermarket Rožňava</option>                                            <option                                             value="ruzomberok-hypermarket">Hypermarket Ružomberok</option>                                            <option                                             value="sala-hypermarket">Hypermarket Šaľa</option>                                            <option                                             value="senec-hypermarket">Hypermarket Senec</option>                                            <option                                             value="senica-hypermarket">Hypermarket Senica</option>                                            <option                                             value="skalica-hypermarket">Hypermarket Skalica</option>                                            <option                                             value="snina-hypermarket">Hypermarket Snina</option>                                            <option                                             value="spisska-nova-ves-hypermarket">Hypermarket Spišská Nová Ves</option>                                            <option                                             value="topolcany-hypermarket">Hypermarket Topoľčany</option>                                            <option                                             value="trebisov-hypermarket">Hypermarket Trebišov</option>                                            <option                                             value="trencin-hypermarket">Hypermarket Trenčín</option>                                            <option                                             value="velky-meder-hypermarket">Hypermarket Veľký Meder</option>                                            <option                                             value="vranov-nad-toplou-hypermarket">Hypermarket Vranov nad Topľou</option>                                            <option                                             value="ziar-nad-hronom-hypermarket">Hypermarket Žiar nad Hronom</option>                                            <option                                             value="zilina-hypermarket">Hypermarket Žilina</option>                                            <option                                             value="zilina-obvodova-hypermarket">Hypermarket Žilina Obvodová</option>                                            <option                                             value="zlate-moravce-hypermarket">Hypermarket Zlaté Moravce</option>                                            <option                                             value="promenada-nitra">SM Tesco Nitra Promenada</option>                                            <option                                             value="banska-bystrica-rudohorska-supermarket">Supermarket Banská Bystrica Rudohorská</option>                                            <option                                             value="banska-stiavnica-supermarket">Supermarket Banská Štiavnica</option>                                            <option                                             value="bosany-supermarket">Supermarket Bošany</option>                                            <option                                             value="bratislava-rohoznik-supermarket">Supermarket Bratislava Rohožník</option>                                            <option                                             value="bratislava-tpd-supermarket">Supermarket Bratislava TPD</option>                                            <option                                             value="bratislava-vajnoria-supermarket">Supermarket Bratislava Vajnoria</option>                                            <option                                             value="brezova-pod-bradlom-supermarket">Supermarket Brezová pod Bradlom</option>                                            <option                                             value="bratislava-bzovicka-supermarket">Supermarket Bzovícka</option>                                            <option                                             value="cierna-voda-supermarket">Supermarket Čierna Voda</option>                                            <option                                             value="gabcikovo-supermarket">Supermarket Gabčíkovo</option>                                            <option                                             value="gelnica-supermarket">Supermarket Gelnica</option>                                            <option                                             value="hnusta-supermarket">Supermarket Hnúšťa</option>                                            <option                                             value="hrinova-supermarket">Supermarket Hriňová</option>                                            <option                                             value="hurbanovo-supermarket">Supermarket Hurbanovo</option>                                            <option                                             value="ivanka-pri-dunaji-supermarket">Supermarket Ivanka pri Dunaji</option>                                            <option                                             value="kolarovo-supermarket">Supermarket Kolárovo</option>                                            <option                                             value="komjatice-supermarket">Supermarket Komjatice</option>                                            <option                                             value="kralovsky-chlmec-supermarket">Supermarket Kráľovský Chlmec</option>                                            <option                                             value="krasno-nad-kysucou-supermarket">Supermarket Krásno nad Kysucou</option>                                            <option                                             value="krompachy-supermarket">Supermarket Krompachy</option>                                            <option                                             value="krupina-supermarket">Supermarket Krupina</option>                                            <option                                             value="kuty-supermarket">Supermarket Kúty</option>                                            <option                                             value="martin-ladoven-supermarket">Supermarket Martin Ľadoveň</option>                                            <option                                             value="martin-priekopa-supermarket">Supermarket Martin Priekopa</option>                                            <option                                             value="medzilaborce-supermarket">Supermarket Medzilaborce</option>                                            <option                                             value="moldava-nad-bodvou-supermarket">Supermarket Moldava nad Bodvou</option>                                            <option                                             value="nesvady-novozamocka-supermarket">Supermarket Novozámocká Nesvady</option>                                            <option                                             value="poltar-supermarket">Supermarket Poltár</option>                                            <option                                             value="poprad-forum">Supermarket Poprad Forum</option>                                            <option                                             value="prievidza-supermarket">Supermarket Prievidza</option>                                            <option                                             value="rajec-supermarket">Supermarket Rajec</option>                                            <option                                             value="ruzomberok-oc-adria-supermarket">Supermarket Ružomberok OC Adria</option>                                            <option                                             value="samorin-supermarket">Supermarket Šamorín</option>                                            <option                                             value="secovce-supermarket">Supermarket Sečovce</option>                                            <option                                             value="sladkovicovo-supermarket">Supermarket Sládkovičovo</option>                                            <option                                             value="smizany-supermarket">Supermarket Smižany</option>                                            <option                                             value="spisska-bela-supermarket">Supermarket Spišská Belá</option>                                            <option                                             value="stara-lubovna-supermarket">Supermarket Stará Ľubovňa</option>                                            <option                                             value="stara-tura-supermarket">Supermarket Stará Turá</option>                                            <option                                             value="strazske-supermarket">Supermarket Strážske</option>                                            <option                                             value="stropkov-supermarket">Supermarket Stropkov</option>                                            <option                                             value="surany-supermarket">Supermarket Šurany</option>                                            <option                                             value="supermarket-tesco-kysucke-nove-mesto">Supermarket Tesco Kysucké Nové Mesto</option>                                            <option                                             value="nova-dubnica-supermarket">Supermarket Tesco Nová Dubnica</option>                                            <option                                             value="supermarket-tesco-zlate-klasy">Supermarket Tesco Zlaté Klasy</option>                                            <option                                             value="tlmace-supermarket">Supermarket Tlmače</option>                                            <option                                             value="tornala-supermarket">Supermarket Tornaľa</option>                                            <option                                             value="trencianske-teplice-supermarket">Supermarket Trenčianske Teplice</option>                                            <option                                             value="trstice-supermarket">Supermarket Trstice</option>                                            <option                                             value="turany-supermarket">Supermarket Turany</option>                                            <option                                             value="turcianske-teplice-supermarket">Supermarket Turčianské Teplice</option>                                            <option                                             value="turzovka-supermarket">Supermarket Turzovka</option>                                            <option                                             value="tvrdosin-supermarket">Supermarket Tvrdošín</option>                                            <option                                             value="varin-supermarket">Supermarket Varín</option>                                            <option                                             value="velke-kapusany-supermarket">Supermarket Veľké Kapušany</option>                                            <option                                             value="vrable-supermarket">Supermarket Vráble</option>                                            <option                                             value="zarnovica-supermarket">Supermarket Žarnovica</option>                                            <option                                             value="zilina-hajik-supermarket">Supermarket Žilina Hájik</option>                                            <option                                             value="zilina-tempo-supermarket">Supermarket Žilina Tempo</option>                                            <option                                             value="zvolen-europa-supermarket">Supermarket Zvolen Európa</option>                                            <option                                             value="zvolen-sekier-supermarket">Supermarket Zvolen Sekier</option>                                            <option                                             value="tesco-kamenne-namestie-bratislava">Tesco Kamenné námestie Bratislava</option>                                    </select>
<svg viewBox="0 0 24 24" x="0px" y="0px" width="24" height="24" class="icon">
<polyline points="20.65 5.31 12 14.28 3.36 5.31"></polyline>
</svg>

</div>
<div class="hidden-link-container" style="display:none;">
<a href="/akciove-ponuky/akciove-produkty/esm-nitra-prior/"
title="ESM Nitra PRIOR">ESM Nitra PRIOR</a></br>
<a href="/akciove-ponuky/akciove-produkty/banska-bystrica-strieborne-namestie-expres/"
title="Expres Banská Bystrica Strieborné námestie">Expres Banská Bystrica Strieborné námestie</a></br>
<a href="/akciove-ponuky/akciove-produkty/bratislava-americke-namestie-expres/"
title="Expres Bratislava Americké Námestie">Expres Bratislava Americké Námestie</a></br>
<a href="/akciove-ponuky/akciove-produkty/bratislava-bieloruska-expres/"
title="Expres Bratislava Bieloruská">Expres Bratislava Bieloruská</a></br>
<a href="/akciove-ponuky/akciove-produkty/bratislava-blagoevova-expres/"
title="Expres Bratislava Blagoevova">Expres Bratislava Blagoevova</a></br>
<a href="/akciove-ponuky/akciove-produkty/bratislava-brestovka-expres/"
title="Expres Bratislava Brestovka">Expres Bratislava Brestovka</a></br>
<a href="/akciove-ponuky/akciove-produkty/bratislava-hotel-city-expres/"
title="Expres Bratislava Hotel City">Expres Bratislava Hotel City</a></br>
<a href="/akciove-ponuky/akciove-produkty/bratislava-jeseniova-expres/"
title="Expres Bratislava Jeséniova">Expres Bratislava Jeséniova</a></br>
<a href="/akciove-ponuky/akciove-produkty/bratislava-komarnicka-expres/"
title="Expres Bratislava Komárnická">Expres Bratislava Komárnická</a></br>
<a href="/akciove-ponuky/akciove-produkty/bratislava-kosicka-expres/"
title="Expres Bratislava Košická">Expres Bratislava Košická</a></br>
<a href="/akciove-ponuky/akciove-produkty/bratislava-kresankova-expres/"
title="Expres Bratislava Kresánkova">Expres Bratislava Kresánkova</a></br>
<a href="/akciove-ponuky/akciove-produkty/bratislava-majernikova-expres/"
title="Expres Bratislava Majerníkova">Expres Bratislava Majerníkova</a></br>
<a href="/akciove-ponuky/akciove-produkty/bratislava-malokarpatske-nam-expres/"
title="Expres Bratislava Malokarpatské nám.">Expres Bratislava Malokarpatské nám.</a></br>
<a href="/akciove-ponuky/akciove-produkty/bratislava-martincekova-expres/"
title="Expres Bratislava Martinčekova">Expres Bratislava Martinčekova</a></br>
<a href="/akciove-ponuky/akciove-produkty/bratislava-namestie-hraniciarov-expres/"
title="Expres Bratislava Námestie hraničiarov">Expres Bratislava Námestie hraničiarov</a></br>
<a href="/akciove-ponuky/akciove-produkty/bratislava-perla-ruzinova-expres/"
title="Expres Bratislava Perla Ružinova">Expres Bratislava Perla Ružinova</a></br>
<a href="/akciove-ponuky/akciove-produkty/bratislava-racianska-expres/"
title="Expres Bratislava Račianska">Expres Bratislava Račianska</a></br>
<a href="/akciove-ponuky/akciove-produkty/bratislava-sevcenkova-expres/"
title="Expres Bratislava Ševčenkova">Expres Bratislava Ševčenkova</a></br>
<a href="/akciove-ponuky/akciove-produkty/bratislava-slimak-expres/"
title="Expres Bratislava Slimák">Expres Bratislava Slimák</a></br>
<a href="/akciove-ponuky/akciove-produkty/bratislava-stromova-expres/"
title="Expres Bratislava Stromová">Expres Bratislava Stromová</a></br>
<a href="/akciove-ponuky/akciove-produkty/bratislava-svoradova-expres/"
title="Expres Bratislava Svoradova">Expres Bratislava Svoradova</a></br>
<a href="/akciove-ponuky/akciove-produkty/bratislava-vienna-gate-expres/"
title="Expres Bratislava Vienna Gate">Expres Bratislava Vienna Gate</a></br>
<a href="/akciove-ponuky/akciove-produkty/bratislava-zitavska-expres/"
title="Expres Bratislava Žitavská">Expres Bratislava Žitavská</a></br>
<a href="/akciove-ponuky/akciove-produkty/cana-expres/"
title="Expres Čaňa">Expres Čaňa</a></br>
<a href="/akciove-ponuky/akciove-produkty/lednicke-rovne-expres/"
title="Expres Lednické Rovne">Expres Lednické Rovne</a></br>
<a href="/akciove-ponuky/akciove-produkty/michalovce-spitalska-expres/"
title="Expres Michalovce Špitálska">Expres Michalovce Špitálska</a></br>
<a href="/akciove-ponuky/akciove-produkty/pata-expres/"
title="Expres Pata">Expres Pata</a></br>
<a href="/akciove-ponuky/akciove-produkty/sucany-expres/"
title="Expres Sučany">Expres Sučany</a></br>
<a href="/akciove-ponuky/akciove-produkty/trnava-spacinska-expres/"
title="Expres Trnava Špačinská">Expres Trnava Špačinská</a></br>
<a href="/akciove-ponuky/akciove-produkty/zahorska-bystrica-expres/"
title="Expres Záhorská Bystrica">Expres Záhorská Bystrica</a></br>
<a href="/akciove-ponuky/akciove-produkty/zilina-vlcince-expres/"
title="Expres Žilina Vlčince">Expres Žilina Vlčince</a></br>
<a href="/akciove-ponuky/akciove-produkty/bratislava-lamac-extra/"
title="EXTRA Bratislava Lamač">EXTRA Bratislava Lamač</a></br>
<a href="/akciove-ponuky/akciove-produkty/bratislava-petrzalka-extra/"
title="EXTRA Bratislava Petržalka">EXTRA Bratislava Petržalka</a></br>
<a href="/akciove-ponuky/akciove-produkty/bratislava-zlate-piesky-extra/"
title="EXTRA Bratislava Zlaté piesky">EXTRA Bratislava Zlaté piesky</a></br>
<a href="/akciove-ponuky/akciove-produkty/kosice-extra/"
title="EXTRA Košice">EXTRA Košice</a></br>
<a href="/akciove-ponuky/akciove-produkty/trnava-extra/"
title="EXTRA Trnava">EXTRA Trnava</a></br>
<a href="/akciove-ponuky/akciove-produkty/zvolen-extra/"
title="EXTRA Zvolen">EXTRA Zvolen</a></br>
<a href="/akciove-ponuky/akciove-produkty/banovce-nad-bebravou-hypermarket/"
title="Hypermarket Bánovce nad Bebravou">Hypermarket Bánovce nad Bebravou</a></br>
<a href="/akciove-ponuky/akciove-produkty/banska-bystrica-hypermarket/"
title="Hypermarket Banská Bystrica">Hypermarket Banská Bystrica</a></br>
<a href="/akciove-ponuky/akciove-produkty/bardejov-hypermarket/"
title="Hypermarket Bardejov">Hypermarket Bardejov</a></br>
<a href="/akciove-ponuky/akciove-produkty/bratislava-podunajske-biskupice-hypermarket/"
title="Hypermarket Bratislava Podunajské Biskupice">Hypermarket Bratislava Podunajské Biskupice</a></br>
<a href="/akciove-ponuky/akciove-produkty/bratislava-saratovska-hypermarket/"
title="Hypermarket Bratislava Saratovská">Hypermarket Bratislava Saratovská</a></br>
<a href="/akciove-ponuky/akciove-produkty/brezno-hypermarket/"
title="Hypermarket Brezno">Hypermarket Brezno</a></br>
<a href="/akciove-ponuky/akciove-produkty/cadca-hypermarket/"
title="Hypermarket Čadca">Hypermarket Čadca</a></br>
<a href="/akciove-ponuky/akciove-produkty/detva-hypermarket/"
title="Hypermarket Detva">Hypermarket Detva</a></br>
<a href="/akciove-ponuky/akciove-produkty/bratislava-devinska-nova-ves-hypermarket/"
title="Hypermarket Devínska Nová Ves">Hypermarket Devínska Nová Ves</a></br>
<a href="/akciove-ponuky/akciove-produkty/doln-kubin-hypermarket/"
title="Hypermarket Dolný Kubín">Hypermarket Dolný Kubín</a></br>
<a href="/akciove-ponuky/akciove-produkty/dubnica-nad-vahom-hypermarket/"
title="Hypermarket Dubnica nad Váhom">Hypermarket Dubnica nad Váhom</a></br>
<a href="/akciove-ponuky/akciove-produkty/dunajska-streda-hypermarket/"
title="Hypermarket Dunajská Streda">Hypermarket Dunajská Streda</a></br>
<a href="/akciove-ponuky/akciove-produkty/filakovo-hypermarket/"
title="Hypermarket Fiľakovo">Hypermarket Fiľakovo</a></br>
<a href="/akciove-ponuky/akciove-produkty/galanta-hypermarket/"
title="Hypermarket Galanta">Hypermarket Galanta</a></br>
<a href="/akciove-ponuky/akciove-produkty/hlohovec-hypermarket/"
title="Hypermarket Hlohovec">Hypermarket Hlohovec</a></br>
<a href="/akciove-ponuky/akciove-produkty/humenne-hypermarket/"
title="Hypermarket Humenné">Hypermarket Humenné</a></br>
<a href="/akciove-ponuky/akciove-produkty/kezmarok-hypermarket/"
title="Hypermarket Kežmarok">Hypermarket Kežmarok</a></br>
<a href="/akciove-ponuky/akciove-produkty/komarno-hypermarket/"
title="Hypermarket Komárno">Hypermarket Komárno</a></br>
<a href="/akciove-ponuky/akciove-produkty/kosice-nad-jazerom-hypermarket/"
title="Hypermarket Košice Nad jazerom">Hypermarket Košice Nad jazerom</a></br>
<a href="/akciove-ponuky/akciove-produkty/levice-hypermarket/"
title="Hypermarket Levice">Hypermarket Levice</a></br>
<a href="/akciove-ponuky/akciove-produkty/liptovsky-mikulas-hypermarket/"
title="Hypermarket Liptovský Mikuláš">Hypermarket Liptovský Mikuláš</a></br>
<a href="/akciove-ponuky/akciove-produkty/lucenec-hypermarket/"
title="Hypermarket Lučenec">Hypermarket Lučenec</a></br>
<a href="/akciove-ponuky/akciove-produkty/malacky-hypermarket/"
title="Hypermarket Malacky">Hypermarket Malacky</a></br>
<a href="/akciove-ponuky/akciove-produkty/martin-hypermarket/"
title="Hypermarket Martin">Hypermarket Martin</a></br>
<a href="/akciove-ponuky/akciove-produkty/michalovce-hypermarket/"
title="Hypermarket Michalovce">Hypermarket Michalovce</a></br>
<a href="/akciove-ponuky/akciove-produkty/myjava-hypermarket/"
title="Hypermarket Myjava">Hypermarket Myjava</a></br>
<a href="/akciove-ponuky/akciove-produkty/nitra-hypermarket/"
title="Hypermarket Nitra">Hypermarket Nitra</a></br>
<a href="/akciove-ponuky/akciove-produkty/nove-mesto-nad-vahom-hypermarket/"
title="Hypermarket Nové Mesto nad Váhom">Hypermarket Nové Mesto nad Váhom</a></br>
<a href="/akciove-ponuky/akciove-produkty/nove-zamky-hypermarket/"
title="Hypermarket Nové Zámky">Hypermarket Nové Zámky</a></br>
<a href="/akciove-ponuky/akciove-produkty/partizanske-hypermarket/"
title="Hypermarket Partizánske">Hypermarket Partizánske</a></br>
<a href="/akciove-ponuky/akciove-produkty/pezinok-hypermarket/"
title="Hypermarket Pezinok">Hypermarket Pezinok</a></br>
<a href="/akciove-ponuky/akciove-produkty/piestany-hypermarket/"
title="Hypermarket Piešťany">Hypermarket Piešťany</a></br>
<a href="/akciove-ponuky/akciove-produkty/poprad-hypermarket/"
title="Hypermarket Poprad">Hypermarket Poprad</a></br>
<a href="/akciove-ponuky/akciove-produkty/povazska-bystrica-hypermarket/"
title="Hypermarket Považská Bystrica">Hypermarket Považská Bystrica</a></br>
<a href="/akciove-ponuky/akciove-produkty/presov-hypermarket/"
title="Hypermarket Prešov">Hypermarket Prešov</a></br>
<a href="/akciove-ponuky/akciove-produkty/presov-vukov-hypermarket/"
title="Hypermarket Prešov Vukov">Hypermarket Prešov Vukov</a></br>
<a href="/akciove-ponuky/akciove-produkty/prievidza-hypermarket/"
title="Hypermarket Prievidza">Hypermarket Prievidza</a></br>
<a href="/akciove-ponuky/akciove-produkty/puchov-hypermarket/"
title="Hypermarket Púchov">Hypermarket Púchov</a></br>
<a href="/akciove-ponuky/akciove-produkty/revuca-hypermarket/"
title="Hypermarket Revúca">Hypermarket Revúca</a></br>
<a href="/akciove-ponuky/akciove-produkty/rimavska-sobota-hypermarket/"
title="Hypermarket Rimavská Sobota">Hypermarket Rimavská Sobota</a></br>
<a href="/akciove-ponuky/akciove-produkty/roznava-hypermarket/"
title="Hypermarket Rožňava">Hypermarket Rožňava</a></br>
<a href="/akciove-ponuky/akciove-produkty/ruzomberok-hypermarket/"
title="Hypermarket Ružomberok">Hypermarket Ružomberok</a></br>
<a href="/akciove-ponuky/akciove-produkty/sala-hypermarket/"
title="Hypermarket Šaľa">Hypermarket Šaľa</a></br>
<a href="/akciove-ponuky/akciove-produkty/senec-hypermarket/"
title="Hypermarket Senec">Hypermarket Senec</a></br>
<a href="/akciove-ponuky/akciove-produkty/senica-hypermarket/"
title="Hypermarket Senica">Hypermarket Senica</a></br>
<a href="/akciove-ponuky/akciove-produkty/skalica-hypermarket/"
title="Hypermarket Skalica">Hypermarket Skalica</a></br>
<a href="/akciove-ponuky/akciove-produkty/snina-hypermarket/"
title="Hypermarket Snina">Hypermarket Snina</a></br>
<a href="/akciove-ponuky/akciove-produkty/spisska-nova-ves-hypermarket/"
title="Hypermarket Spišská Nová Ves">Hypermarket Spišská Nová Ves</a></br>
<a href="/akciove-ponuky/akciove-produkty/topolcany-hypermarket/"
title="Hypermarket Topoľčany">Hypermarket Topoľčany</a></br>
<a href="/akciove-ponuky/akciove-produkty/trebisov-hypermarket/"
title="Hypermarket Trebišov">Hypermarket Trebišov</a></br>
<a href="/akciove-ponuky/akciove-produkty/trencin-hypermarket/"
title="Hypermarket Trenčín">Hypermarket Trenčín</a></br>
<a href="/akciove-ponuky/akciove-produkty/velky-meder-hypermarket/"
title="Hypermarket Veľký Meder">Hypermarket Veľký Meder</a></br>
<a href="/akciove-ponuky/akciove-produkty/vranov-nad-toplou-hypermarket/"
title="Hypermarket Vranov nad Topľou">Hypermarket Vranov nad Topľou</a></br>
<a href="/akciove-ponuky/akciove-produkty/ziar-nad-hronom-hypermarket/"
title="Hypermarket Žiar nad Hronom">Hypermarket Žiar nad Hronom</a></br>
<a href="/akciove-ponuky/akciove-produkty/zilina-hypermarket/"
title="Hypermarket Žilina">Hypermarket Žilina</a></br>
<a href="/akciove-ponuky/akciove-produkty/zilina-obvodova-hypermarket/"
title="Hypermarket Žilina Obvodová">Hypermarket Žilina Obvodová</a></br>
<a href="/akciove-ponuky/akciove-produkty/zlate-moravce-hypermarket/"
title="Hypermarket Zlaté Moravce">Hypermarket Zlaté Moravce</a></br>
<a href="/akciove-ponuky/akciove-produkty/promenada-nitra/"
title="SM Tesco Nitra Promenada">SM Tesco Nitra Promenada</a></br>
<a href="/akciove-ponuky/akciove-produkty/banska-bystrica-rudohorska-supermarket/"
title="Supermarket Banská Bystrica Rudohorská">Supermarket Banská Bystrica Rudohorská</a></br>
<a href="/akciove-ponuky/akciove-produkty/banska-stiavnica-supermarket/"
title="Supermarket Banská Štiavnica">Supermarket Banská Štiavnica</a></br>
<a href="/akciove-ponuky/akciove-produkty/bosany-supermarket/"
title="Supermarket Bošany">Supermarket Bošany</a></br>
<a href="/akciove-ponuky/akciove-produkty/bratislava-rohoznik-supermarket/"
title="Supermarket Bratislava Rohožník">Supermarket Bratislava Rohožník</a></br>
<a href="/akciove-ponuky/akciove-produkty/bratislava-tpd-supermarket/"
title="Supermarket Bratislava TPD">Supermarket Bratislava TPD</a></br>
<a href="/akciove-ponuky/akciove-produkty/bratislava-vajnoria-supermarket/"
title="Supermarket Bratislava Vajnoria">Supermarket Bratislava Vajnoria</a></br>
<a href="/akciove-ponuky/akciove-produkty/brezova-pod-bradlom-supermarket/"
title="Supermarket Brezová pod Bradlom">Supermarket Brezová pod Bradlom</a></br>
<a href="/akciove-ponuky/akciove-produkty/bratislava-bzovicka-supermarket/"
title="Supermarket Bzovícka">Supermarket Bzovícka</a></br>
<a href="/akciove-ponuky/akciove-produkty/cierna-voda-supermarket/"
title="Supermarket Čierna Voda">Supermarket Čierna Voda</a></br>
<a href="/akciove-ponuky/akciove-produkty/gabcikovo-supermarket/"
title="Supermarket Gabčíkovo">Supermarket Gabčíkovo</a></br>
<a href="/akciove-ponuky/akciove-produkty/gelnica-supermarket/"
title="Supermarket Gelnica">Supermarket Gelnica</a></br>
<a href="/akciove-ponuky/akciove-produkty/hnusta-supermarket/"
title="Supermarket Hnúšťa">Supermarket Hnúšťa</a></br>
<a href="/akciove-ponuky/akciove-produkty/hrinova-supermarket/"
title="Supermarket Hriňová">Supermarket Hriňová</a></br>
<a href="/akciove-ponuky/akciove-produkty/hurbanovo-supermarket/"
title="Supermarket Hurbanovo">Supermarket Hurbanovo</a></br>
<a href="/akciove-ponuky/akciove-produkty/ivanka-pri-dunaji-supermarket/"
title="Supermarket Ivanka pri Dunaji">Supermarket Ivanka pri Dunaji</a></br>
<a href="/akciove-ponuky/akciove-produkty/kolarovo-supermarket/"
title="Supermarket Kolárovo">Supermarket Kolárovo</a></br>
<a href="/akciove-ponuky/akciove-produkty/komjatice-supermarket/"
title="Supermarket Komjatice">Supermarket Komjatice</a></br>
<a href="/akciove-ponuky/akciove-produkty/kralovsky-chlmec-supermarket/"
title="Supermarket Kráľovský Chlmec">Supermarket Kráľovský Chlmec</a></br>
<a href="/akciove-ponuky/akciove-produkty/krasno-nad-kysucou-supermarket/"
title="Supermarket Krásno nad Kysucou">Supermarket Krásno nad Kysucou</a></br>
<a href="/akciove-ponuky/akciove-produkty/krompachy-supermarket/"
title="Supermarket Krompachy">Supermarket Krompachy</a></br>
<a href="/akciove-ponuky/akciove-produkty/krupina-supermarket/"
title="Supermarket Krupina">Supermarket Krupina</a></br>
<a href="/akciove-ponuky/akciove-produkty/kuty-supermarket/"
title="Supermarket Kúty">Supermarket Kúty</a></br>
<a href="/akciove-ponuky/akciove-produkty/martin-ladoven-supermarket/"
title="Supermarket Martin Ľadoveň">Supermarket Martin Ľadoveň</a></br>
<a href="/akciove-ponuky/akciove-produkty/martin-priekopa-supermarket/"
title="Supermarket Martin Priekopa">Supermarket Martin Priekopa</a></br>
<a href="/akciove-ponuky/akciove-produkty/medzilaborce-supermarket/"
title="Supermarket Medzilaborce">Supermarket Medzilaborce</a></br>
<a href="/akciove-ponuky/akciove-produkty/moldava-nad-bodvou-supermarket/"
title="Supermarket Moldava nad Bodvou">Supermarket Moldava nad Bodvou</a></br>
<a href="/akciove-ponuky/akciove-produkty/nesvady-novozamocka-supermarket/"
title="Supermarket Novozámocká Nesvady">Supermarket Novozámocká Nesvady</a></br>
<a href="/akciove-ponuky/akciove-produkty/poltar-supermarket/"
title="Supermarket Poltár">Supermarket Poltár</a></br>
<a href="/akciove-ponuky/akciove-produkty/poprad-forum/"
title="Supermarket Poprad Forum">Supermarket Poprad Forum</a></br>
<a href="/akciove-ponuky/akciove-produkty/prievidza-supermarket/"
title="Supermarket Prievidza">Supermarket Prievidza</a></br>
<a href="/akciove-ponuky/akciove-produkty/rajec-supermarket/"
title="Supermarket Rajec">Supermarket Rajec</a></br>
<a href="/akciove-ponuky/akciove-produkty/ruzomberok-oc-adria-supermarket/"
title="Supermarket Ružomberok OC Adria">Supermarket Ružomberok OC Adria</a></br>
<a href="/akciove-ponuky/akciove-produkty/samorin-supermarket/"
title="Supermarket Šamorín">Supermarket Šamorín</a></br>
<a href="/akciove-ponuky/akciove-produkty/secovce-supermarket/"
title="Supermarket Sečovce">Supermarket Sečovce</a></br>
<a href="/akciove-ponuky/akciove-produkty/sladkovicovo-supermarket/"
title="Supermarket Sládkovičovo">Supermarket Sládkovičovo</a></br>
<a href="/akciove-ponuky/akciove-produkty/smizany-supermarket/"
title="Supermarket Smižany">Supermarket Smižany</a></br>
<a href="/akciove-ponuky/akciove-produkty/spisska-bela-supermarket/"
title="Supermarket Spišská Belá">Supermarket Spišská Belá</a></br>
<a href="/akciove-ponuky/akciove-produkty/stara-lubovna-supermarket/"
title="Supermarket Stará Ľubovňa">Supermarket Stará Ľubovňa</a></br>
<a href="/akciove-ponuky/akciove-produkty/stara-tura-supermarket/"
title="Supermarket Stará Turá">Supermarket Stará Turá</a></br>
<a href="/akciove-ponuky/akciove-produkty/strazske-supermarket/"
title="Supermarket Strážske">Supermarket Strážske</a></br>
<a href="/akciove-ponuky/akciove-produkty/stropkov-supermarket/"
title="Supermarket Stropkov">Supermarket Stropkov</a></br>
<a href="/akciove-ponuky/akciove-produkty/surany-supermarket/"
title="Supermarket Šurany">Supermarket Šurany</a></br>
<a href="/akciove-ponuky/akciove-produkty/supermarket-tesco-kysucke-nove-mesto/"
title="Supermarket Tesco Kysucké Nové Mesto">Supermarket Tesco Kysucké Nové Mesto</a></br>
<a href="/akciove-ponuky/akciove-produkty/nova-dubnica-supermarket/"
title="Supermarket Tesco Nová Dubnica">Supermarket Tesco Nová Dubnica</a></br>
<a href="/akciove-ponuky/akciove-produkty/supermarket-tesco-zlate-klasy/"
title="Supermarket Tesco Zlaté Klasy">Supermarket Tesco Zlaté Klasy</a></br>
<a href="/akciove-ponuky/akciove-produkty/tlmace-supermarket/"
title="Supermarket Tlmače">Supermarket Tlmače</a></br>
<a href="/akciove-ponuky/akciove-produkty/tornala-supermarket/"
title="Supermarket Tornaľa">Supermarket Tornaľa</a></br>
<a href="/akciove-ponuky/akciove-produkty/trencianske-teplice-supermarket/"
title="Supermarket Trenčianske Teplice">Supermarket Trenčianske Teplice</a></br>
<a href="/akciove-ponuky/akciove-produkty/trstice-supermarket/"
title="Supermarket Trstice">Supermarket Trstice</a></br>
<a href="/akciove-ponuky/akciove-produkty/turany-supermarket/"
title="Supermarket Turany">Supermarket Turany</a></br>
<a href="/akciove-ponuky/akciove-produkty/turcianske-teplice-supermarket/"
title="Supermarket Turčianské Teplice">Supermarket Turčianské Teplice</a></br>
<a href="/akciove-ponuky/akciove-produkty/turzovka-supermarket/"
title="Supermarket Turzovka">Supermarket Turzovka</a></br>
<a href="/akciove-ponuky/akciove-produkty/tvrdosin-supermarket/"
title="Supermarket Tvrdošín">Supermarket Tvrdošín</a></br>
<a href="/akciove-ponuky/akciove-produkty/varin-supermarket/"
title="Supermarket Varín">Supermarket Varín</a></br>
<a href="/akciove-ponuky/akciove-produkty/velke-kapusany-supermarket/"
title="Supermarket Veľké Kapušany">Supermarket Veľké Kapušany</a></br>
<a href="/akciove-ponuky/akciove-produkty/vrable-supermarket/"
title="Supermarket Vráble">Supermarket Vráble</a></br>
<a href="/akciove-ponuky/akciove-produkty/zarnovica-supermarket/"
title="Supermarket Žarnovica">Supermarket Žarnovica</a></br>
<a href="/akciove-ponuky/akciove-produkty/zilina-hajik-supermarket/"
title="Supermarket Žilina Hájik">Supermarket Žilina Hájik</a></br>
<a href="/akciove-ponuky/akciove-produkty/zilina-tempo-supermarket/"
title="Supermarket Žilina Tempo">Supermarket Žilina Tempo</a></br>
<a href="/akciove-ponuky/akciove-produkty/zvolen-europa-supermarket/"
title="Supermarket Zvolen Európa">Supermarket Zvolen Európa</a></br>
<a href="/akciove-ponuky/akciove-produkty/zvolen-sekier-supermarket/"
title="Supermarket Zvolen Sekier">Supermarket Zvolen Sekier</a></br>
<a href="/akciove-ponuky/akciove-produkty/tesco-kamenne-namestie-bratislava/"
title="Tesco Kamenné námestie Bratislava">Tesco Kamenné námestie Bratislava</a></br>
</div>

</div>

<span class="change-this text-fav"
style="display: none;">Vybrať váš <span class="link-type change-select" title="obľúbený obchod">obľúbený obchod</span></span>

<span>alebo</span>
<div class="change-this newddl-text-field newddl-select2 inline-block"
style="display: none;">
<div class="input-group newddl-select-menu-wrapper select-type">

<select class="newddl-select" name="store-type">
<option value=""
selected="selected">vybrať typ obchodu pre zobrazenie konkrétnej ponuky.</option>
<option
value="exp" >Expres</option>                                            <option
value="ext" >Extra</option>                                            <option
value="hm" >Hypermarket</option>                                            <option
value="od" >Obchodný dom</option>                                            <option
value="sm" >Supermarket</option>                                    </select>
<svg viewBox="0 0 24 24" x="0px" y="0px" width="24" height="24" class="icon">
<polyline points="20.65 5.31 12 14.28 3.36 5.31"></polyline>
</svg>

</div>
</div>

<span class="change-this text-type"
style="display: inline;"><span class="link-type change-select" title="vybrať typ obchodu">vybrať typ obchodu</span> pre zobrazenie konkrétnej ponuky.</span>

</div>

</div>
<input type="hidden" id="page_url" data-url="/akciove-ponuky/akciove-produkty">

<!-- Multibox banner implement -->


<style>
#onepages_ddl_banner-63b067109b8e9 {
margin: 0;
}

@media (min-width: 756px) {
#onepages_ddl_banner-63b067109b8e9 {
margin: 0;
}
}
</style>

<div id="onepages_ddl_banner-63b067109b8e9" class="tesco-ddl-banner normal image-on-right">
<div class="tesco-ddl-banner-inner" style="background-position:left top;background-color:#00539f; margin: 26px auto 26px auto; color: #ffffff;">

<div
class="image-container ddl-median-container normal-image bottom-right"
style=""
>
<img
data-src="/img/tescoce_sk/ddlbanner/edit_618x202_CC_W16.jpg#309#309" src="/img/lq/tescoce_sk/ddlbanner/edit_618x202_CC_W16.jpg#309#309"
alt="Clubcard v&aacute;m &scaron;etr&iacute; peniaze!"
title="Clubcard v&aacute;m &scaron;etr&iacute; peniaze!"
class="median-image normal"
style="max-width:618px;"
//><noscript><img
src="/img/tescoce_sk/ddlbanner/edit_618x202_CC_W16.jpg#309#309"
alt="Clubcard v&aacute;m &scaron;etr&iacute; peniaze!"
title="Clubcard v&aacute;m &scaron;etr&iacute; peniaze!"
class="median-image normal"
style="max-width:618px;"
//></noscript>

</div>

<div class="text-container">
<div class="text-table" style="max-height:202px;">
<div class="text-cell">
<h2 class="banner-title">
Clubcard v&aacute;m &scaron;etr&iacute; peniaze!                                            </h2>
<div class="button-container">
<div class="button-inner">
<a href="https://tesco.sk/akciove-ponuky/zoznam-produktov/ziskajte-jedinecne-ponuky-s-clubcard/ " class="newddl-button white" title="Zistiť viac">
<span
class="link-label"
style="color: #00539f;"
>
Zistiť viac                                        </span>

</a>
</div>
</div>


</div>
</div>
</div>
</div>
</div>
<!-- Multibox banner implement END -->

<div class="hidden visible-xx-fixed visible-xs-fixed visible-sm-fixed gm-antiDDLGridNegativeMargins">
<div class="hidden visible-xx-fixed visible-xs-fixed visible-sm-fixed sc-mobileFilter-killkcstreeabove"><!-- hide on desktops -->
<!-- mobileFilter Organism -->
<div class="o-mobileFilter">
<!-- Body Overlay -->
<div class="a-mobileFilter__bodyOverlay"></div>
<!-- Body Overlay -->



<!-- Content trigger -->
<div class="a-mobileFilter__content_trigger">
<!-- trigger inner #1 -->
<div class="a-mobileFilter__content_trigger__inner -visible">
<span>Filter</span>
<svg xmlns="http://www.w3.org/2000/svg" xmlns:xlink="http://www.w3.org/1999/xlink" width="16" height="13" viewBox="0 0 16 13" style="margin-left: 9px;">
<defs>
<path id="qab3a" d="M280 190v-1h16v1z"/>
<path id="qab3b" d="M280 196v-1h16v1z"/>
<path id="qab3c" d="M280 184v-1h16v1z"/>
</defs>
<g>
<g transform="translate(-280 -183)">
<use fill="#00539f" xlink:href="#qab3a"/>
</g>
<g transform="translate(-280 -183)">
<use fill="#00539f" xlink:href="#qab3b"/>
</g>
<g transform="translate(-280 -183)">
<use fill="#00539f" xlink:href="#qab3c"/>
</g>
</g>
</svg>
</div>
<!-- trigger inner #1 -->


<!-- trigger inner #2 -->
<div class="a-mobileFilter__content_trigger__inner">
<!-- close button  -->
<div class="a-mobileFilter__content__inner__closeBtn">
<svg xmlns="http://www.w3.org/2000/svg" xmlns:xlink="http://www.w3.org/1999/xlink" width="10" height="10" viewBox="0 0 10 10">
<defs>
<path id="72fda" d="M288.44 360.56l-8.88 8.88"/>
<path id="72fdb" d="M288.51 369.51l-8.95-8.95"/>
</defs>
<g>
<g transform="translate(-279 -360)">
<use fill="#fff" fill-opacity="0" stroke="#00539f" stroke-linecap="square" stroke-miterlimit="50" xlink:href="#72fda"/>
</g>
<g transform="translate(-279 -360)">
<use fill="#fff" fill-opacity="0" stroke="#00539f" stroke-linecap="square" stroke-miterlimit="50" xlink:href="#72fdb"/>
</g>
</g>
</svg>
</div>
<!-- close button  -->
</div>
<!-- trigger inner #2 -->
</div>
<!-- Content trigger -->



<!-- Content (hidden by default) -->
<div class="a-mobileFilter__content a-mobileFilter__content_trigger__target" style="display: none;">
<!-- Content Inner -->
<div class="a-mobileFilter__content__inner">
<!-- Categories Molecule -->
<div class="m-mobileFilter__categories">
<!-- Categories Title Atom -->
<!-- Categories Title Atom -->

<!-- Categories List Atom -->
<ul class="a-mobileFilter__categories__list">
<li class="a-mobileFilter__categories__list__item ddl">
<div class="ddl_link_standalone">
<div>
<span class="label">Všetky kategórie</span>
</div>
</div>
</li>
<!-- Iterate over categories -->
<!-- Categories List Item Atom -->
<li class="a-mobileFilter__categories__list__item ddl">
<div class="ddl_link_standalone">
<a href="/akciove-ponuky/akciove-produkty/ovocie-a-zelenina/">
<span class="label">Ovocie a zelenina</span>
</a>
</div>
</li>

<!-- Categories List Item Atom -->
<!-- Categories List Item Atom -->
<li class="a-mobileFilter__categories__list__item ddl">
<div class="ddl_link_standalone">
<a href="/akciove-ponuky/akciove-produkty/mliecne-vyrobky-vajcia-a-pecivo/">
<span class="label">Mliečne výrobky, vajcia a pečivo</span>
</a>
</div>
</li>

<!-- Categories List Item Atom -->
<!-- Categories List Item Atom -->
<li class="a-mobileFilter__categories__list__item ddl">
<div class="ddl_link_standalone">
<a href="/akciove-ponuky/akciove-produkty/maso-ryby-a-udeniny/">
<span class="label">Mäso, Ryby a údeniny</span>
</a>
</div>
</li>

<!-- Categories List Item Atom -->
<!-- Categories List Item Atom -->
<li class="a-mobileFilter__categories__list__item ddl">
<div class="ddl_link_standalone">
<a href="/akciove-ponuky/akciove-produkty/trvanlive-potraviny/">
<span class="label">Trvanlivé potraviny</span>
</a>
</div>
</li>

<!-- Categories List Item Atom -->
<!-- Categories List Item Atom -->
<li class="a-mobileFilter__categories__list__item ddl">
<div class="ddl_link_standalone">
<a href="/akciove-ponuky/akciove-produkty/mrazene-potraviny/">
<span class="label">Mrazené potraviny</span>
</a>
</div>
</li>

<!-- Categories List Item Atom -->
<!-- Categories List Item Atom -->
<li class="a-mobileFilter__categories__list__item ddl">
<div class="ddl_link_standalone">
<a href="/akciove-ponuky/akciove-produkty/napoje/">
<span class="label">Nápoje</span>
</a>
</div>
</li>

<!-- Categories List Item Atom -->
<!-- Categories List Item Atom -->
<li class="a-mobileFilter__categories__list__item ddl">
<div class="ddl_link_standalone">
<a href="/akciove-ponuky/akciove-produkty/vina/">
<span class="label">Vína</span>
</a>
</div>
</li>

<!-- Categories List Item Atom -->
<!-- Categories List Item Atom -->
<li class="a-mobileFilter__categories__list__item ddl">
<div class="ddl_link_standalone">
<a href="/akciove-ponuky/akciove-produkty/domacnost/">
<span class="label">Domácnosť</span>
</a>
</div>
</li>

<!-- Categories List Item Atom -->
<!-- Categories List Item Atom -->
<li class="a-mobileFilter__categories__list__item ddl">
<div class="ddl_link_standalone">
<a href="/akciove-ponuky/akciove-produkty/kozmetika-a-starostlivost-o-dieta/">
<span class="label">Kozmetika a starostlivosť o dieťa</span>
</a>
</div>
</li>

<!-- Categories List Item Atom -->
<!-- Categories List Item Atom -->
<li class="a-mobileFilter__categories__list__item ddl">
<div class="ddl_link_standalone">
<a href="/akciove-ponuky/akciove-produkty/chovatelske-potreby/">
<span class="label">Chovateľské potreby</span>
</a>
</div>
</li>

<!-- Categories List Item Atom -->
<!-- Categories List Item Atom -->
<li class="a-mobileFilter__categories__list__item ddl">
<div class="ddl_link_standalone">
<a href="/akciove-ponuky/akciove-produkty/auto-domov-a-hobby-potreby/">
<span class="label">Auto, domov a hobby potreby</span>
</a>
</div>
</li>

<!-- Categories List Item Atom -->
<!-- Categories List Item Atom -->
<li class="a-mobileFilter__categories__list__item ddl">
<div class="ddl_link_standalone">
<a href="/akciove-ponuky/akciove-produkty/zahrada/">
<span class="label">Záhrada</span>
</a>
</div>
</li>

<!-- Categories List Item Atom -->
<!-- Categories List Item Atom -->
</ul>
<ul class="a-mobileFilter__categories__list" style="margin-top: 30px">
<li class="a-mobileFilter__categories__list__item ddl" style="color: #333 !important;">
<div class="ddl_link_standalone">
<span class="label">Špeciálne ponuky</span>
</div>
</li>
<li class="a-mobileFilter__categories__list__item ddl">
<div class="ddl_link_standalone">
<a href="/akciove-ponuky/zoznam-produktu/cerstvych-5/">
<span class="label">Čerstvých 5</span>
</a>
</div>
</li>

<!-- Categories List Item Atom -->
<!-- Categories List Item Atom -->
<li class="a-mobileFilter__categories__list__item ddl">
<div class="ddl_link_standalone">
<a href="/akciove-ponuky/zoznam-produktu/ziskajte-jedinecne-ponuky-s-clubcard/">
<span class="label">Získajte jedinečné ponuky s Clubcard</span>
</a>
</div>
</li>

<!-- Categories List Item Atom -->
<!-- Categories List Item Atom -->
<li class="a-mobileFilter__categories__list__item ddl">
<div class="ddl_link_standalone">
<a href="/akciove-ponuky/zoznam-produktu/tesco-finest/">
<span class="label">Tesco Finest</span>
</a>
</div>
</li>

<!-- Categories List Item Atom -->
<!-- Categories List Item Atom -->
<li class="a-mobileFilter__categories__list__item ddl">
<div class="ddl_link_standalone">
<a href="/akciove-ponuky/zoznam-produktu/novorocne-snacky/">
<span class="label">Novoročné snacky</span>
</a>
</div>
</li>

<!-- Categories List Item Atom -->
<!-- Categories List Item Atom -->
<li class="a-mobileFilter__categories__list__item ddl">
<div class="ddl_link_standalone">
<a href="/akciove-ponuky/zoznam-produktu/silvestrovska-dekoracia/">
<span class="label">Silvestrovská dekorácia</span>
</a>
</div>
</li>

<!-- Categories List Item Atom -->
<!-- Categories List Item Atom -->
<li class="a-mobileFilter__categories__list__item ddl">
<div class="ddl_link_standalone">
<a href="/akciove-ponuky/zoznam-produktu/liehoviny-a-destilaty/">
<span class="label">Liehoviny a destiláty</span>
</a>
</div>
</li>

<!-- Categories List Item Atom -->
<!-- Iterate over categories -->
</ul>
<!-- Categories List Atom -->
</div>
<!-- Categories Molecule -->

<div class="m-mobileFilter__filters">
<div class="clearfix ddl" style="margin-bottom: 31px; padding: 0 13px;">             <!-- ddl_link_button -->
<span id="mobilefilterhidefilters" class="ddl_link_button natural" style="max-width: 195px; width: 100%;">
<span class="link-label">
<span class="swapUs hidden">
Skryť filtre                </span>
<span class="swapUs">
Filtrovať podľa                </span>
</span>
</span>
<!-- ddl_link_button -->
</div>

<div id="mobilefilterhidefiltersslave" class="hidden">
<p class="a-mobileFilter__filters__refineByLabel">

<span class="a-mobileFilter__filters__refineByLabel__text --refineBy">Upraviť podľa </span>

<span class="a-mobileFilter__filters__refineByLabel__number">93</span>

<span class="a-mobileFilter__filters__refineByLabel__text --results"> výsledky</span>

</p>

<div class="a-mobileFilter__filters__filterApplicationButtonGroup ddl clearfix">                         <!-- ddl_link_button -->
<span id="mobilefilterclearall" class="ddl_link_button natural" style="max-width: 112px; width: 100%;">
<span class="link-label">Vymazať</span>
</span>
<!-- ddl_link_button -->

<!-- ddl_link_button -->
<span id="mobilefilterapply" class="ddl_link_button button-primary natural" style="max-width: 112px; width: 100%;">
<span class="link-label">Použiť</span>
</span>
<!-- ddl_link_button -->
</div>

<div class="lam-mobileFilter__filters__filterOrSortContainer a-mobileFilter__filters__filterByDiscount">
<!-- ddl_content_toggle -->
<div class="ddl_content_toggle ddl_form_element secondary">
<button class="switch_btn">
<span class="label">
<p class="lam-mobileFilter__filters__filterOrSortContainer__title">Filtrovať podľa zľavy</p>
</span>
<!-- ddl_link_button -->
<span class="ddl_link_button button-secondary icon-small">
<i class="icon">
<!-- ddl_icon -->
<svg width="15px" height="8px" viewBox="0 0 15 8" version="1.1" xmlns="http://www.w3.org/2000/svg" xmlns:xlink="http://www.w3.org/1999/xlink">
<!-- Generator: Sketch 48.2 (47327) - http://www.bohemiancoding.com/sketch -->
<title>Sipka_2px/up Copy 8</title>
<desc>Created with Sketch.</desc>
<defs></defs>
<g id="Filter-mobile-/-recipes-03" stroke="none" stroke-width="1" fill="none" fill-rule="evenodd" transform="translate(-279.000000, -940.000000)">
<g id="Sipka_1px/up" transform="translate(286.500000, 944.000000) rotate(-180.000000) translate(-286.500000, -944.000000) translate(279.000000, 940.000000)" stroke="#00539F">
<g id="Forward-link" transform="translate(7.500000, 4.000000) rotate(-180.000000) translate(-7.500000, -4.000000) ">
<polyline id="Stroke-1" transform="translate(7.500000, 4.000000) rotate(-270.000000) translate(-7.500000, -4.000000) " points="4 -3 11 4.00323774 4 11"></polyline>
</g>
</g>
</g>
</svg>                    <!-- ddl_icon -->
</i>
</span>
<!-- ddl_link_button -->
</button>
<div class="slide_in">
<div class="slide_in_content_wrapper reveal">
<div class="content_toggle_content_wrapper ddl">                     <!-- ddl_check_group -->
<span class="ddl_check_group">
<ul class="ddl_check_group_list">
<li class="ddl_check_group_item">
<!-- ddl_check_option -->
<span class="ddl_check_option">
<input
type="checkbox"
id="discount_0_25"
class="ddl_check_option_input choff"
value="1"
data-min="0"
data-max="25"
name="discount_0_25"
>

<label class="ddl_check_option_mark" aria-hidden="true" for="discount_0_25">
<svg version="1.1" id="Layer_1" xmlns="http://www.w3.org/2000/svg" xmlns:xlink="http://www.w3.org/1999/xlink" x="0px" y="0px"
width="50.3px" height="62px" viewBox="0 0 50.3 62" style="enable-background:new 0 0 50.3 62;" xml:space="preserve">
<g>
<path id="XMLID_1_" fill="#333" d="M48.7,17.2l-4.9-4.9c-0.7-0.7-1.8-0.7-2.4,0L17.5,36.2l-8.4-8.4c-0.7-0.7-1.8-0.7-2.4,0l-4.9,4.9
c-0.7,0.7-0.7,1.8,0,2.4L15.7,49c0.5,0.5,1.1,1.2,1.8,1.2s1.4-0.7,1.9-1.2l29.4-29.4C49.4,19,49.4,17.9,48.7,17.2z"></path>
</g>
</svg>
</label>

<label class="ddl_check_option_label" for="discount_0_25">
0 - 25%
</label>
</span>
<!-- ddl_check_option -->
</li>
<li class="ddl_check_group_item">
<!-- ddl_check_option -->
<span class="ddl_check_option">
<input
type="checkbox"
id="discount_26_50"
class="ddl_check_option_input choff"
value="1"
data-min="26"
data-max="50"
name="discount_26_50"
>

<label class="ddl_check_option_mark" aria-hidden="true" for="discount_26_50">
<svg version="1.1" id="Layer_1" xmlns="http://www.w3.org/2000/svg" xmlns:xlink="http://www.w3.org/1999/xlink" x="0px" y="0px"
width="50.3px" height="62px" viewBox="0 0 50.3 62" style="enable-background:new 0 0 50.3 62;" xml:space="preserve">
<g>
<path id="XMLID_1_" fill="#333" d="M48.7,17.2l-4.9-4.9c-0.7-0.7-1.8-0.7-2.4,0L17.5,36.2l-8.4-8.4c-0.7-0.7-1.8-0.7-2.4,0l-4.9,4.9
c-0.7,0.7-0.7,1.8,0,2.4L15.7,49c0.5,0.5,1.1,1.2,1.8,1.2s1.4-0.7,1.9-1.2l29.4-29.4C49.4,19,49.4,17.9,48.7,17.2z"></path>
</g>
</svg>
</label>

<label class="ddl_check_option_label" for="discount_26_50">
26 - 50%
</label>
</span>
<!-- ddl_check_option -->
</li>
<li class="ddl_check_group_item">
<!-- ddl_check_option -->
<span class="ddl_check_option">
<input
type="checkbox"
id="discount_51_75"
class="ddl_check_option_input choff"
value="1"
data-min="51"
data-max="75"
name="discount_51_75"
>

<label class="ddl_check_option_mark" aria-hidden="true" for="discount_51_75">
<svg version="1.1" id="Layer_1" xmlns="http://www.w3.org/2000/svg" xmlns:xlink="http://www.w3.org/1999/xlink" x="0px" y="0px"
width="50.3px" height="62px" viewBox="0 0 50.3 62" style="enable-background:new 0 0 50.3 62;" xml:space="preserve">
<g>
<path id="XMLID_1_" fill="#333" d="M48.7,17.2l-4.9-4.9c-0.7-0.7-1.8-0.7-2.4,0L17.5,36.2l-8.4-8.4c-0.7-0.7-1.8-0.7-2.4,0l-4.9,4.9
c-0.7,0.7-0.7,1.8,0,2.4L15.7,49c0.5,0.5,1.1,1.2,1.8,1.2s1.4-0.7,1.9-1.2l29.4-29.4C49.4,19,49.4,17.9,48.7,17.2z"></path>
</g>
</svg>
</label>

<label class="ddl_check_option_label" for="discount_51_75">
51 - 75%
</label>
</span>
<!-- ddl_check_option -->
</li>
<li class="ddl_check_group_item">
<!-- ddl_check_option -->
<span class="ddl_check_option">
<input
type="checkbox"
id="discount_76_100"
class="ddl_check_option_input choff"
value="1"
data-min="76"
data-max="100"
name="discount_76_100"
>

<label class="ddl_check_option_mark" aria-hidden="true" for="discount_76_100">
<svg version="1.1" id="Layer_1" xmlns="http://www.w3.org/2000/svg" xmlns:xlink="http://www.w3.org/1999/xlink" x="0px" y="0px"
width="50.3px" height="62px" viewBox="0 0 50.3 62" style="enable-background:new 0 0 50.3 62;" xml:space="preserve">
<g>
<path id="XMLID_1_" fill="#333" d="M48.7,17.2l-4.9-4.9c-0.7-0.7-1.8-0.7-2.4,0L17.5,36.2l-8.4-8.4c-0.7-0.7-1.8-0.7-2.4,0l-4.9,4.9
c-0.7,0.7-0.7,1.8,0,2.4L15.7,49c0.5,0.5,1.1,1.2,1.8,1.2s1.4-0.7,1.9-1.2l29.4-29.4C49.4,19,49.4,17.9,48.7,17.2z"></path>
</g>
</svg>
</label>

<label class="ddl_check_option_label" for="discount_76_100">
76 - 100%
</label>
</span>
<!-- ddl_check_option -->
</li>
</ul>
</span>
<!-- ddl_check_group -->
</div>
</div>
</div>
</div>
<!-- ddl_content_toggle -->
</div>

<div class="lam-mobileFilter__filters__filterOrSortContainer a-mobileFilter__filters__filterByType">
<!-- ddl_content_toggle -->
<div class="ddl_content_toggle ddl_form_element secondary">
<button class="switch_btn">
<span class="label">
<p class="lam-mobileFilter__filters__filterOrSortContainer__title">Filtrovať podľa typu</p>
</span>
<!-- ddl_link_button -->
<span class="ddl_link_button button-secondary icon-small">
<i class="icon">
<!-- ddl_icon -->
<svg width="15px" height="8px" viewBox="0 0 15 8" version="1.1" xmlns="http://www.w3.org/2000/svg" xmlns:xlink="http://www.w3.org/1999/xlink">
<!-- Generator: Sketch 48.2 (47327) - http://www.bohemiancoding.com/sketch -->
<title>Sipka_2px/up Copy 8</title>
<desc>Created with Sketch.</desc>
<defs></defs>
<g id="Filter-mobile-/-recipes-03" stroke="none" stroke-width="1" fill="none" fill-rule="evenodd" transform="translate(-279.000000, -940.000000)">
<g id="Sipka_1px/up" transform="translate(286.500000, 944.000000) rotate(-180.000000) translate(-286.500000, -944.000000) translate(279.000000, 940.000000)" stroke="#00539F">
<g id="Forward-link" transform="translate(7.500000, 4.000000) rotate(-180.000000) translate(-7.500000, -4.000000) ">
<polyline id="Stroke-1" transform="translate(7.500000, 4.000000) rotate(-270.000000) translate(-7.500000, -4.000000) " points="4 -3 11 4.00323774 4 11"></polyline>
</g>
</g>
</g>
</svg>                <!-- ddl_icon -->
</i>
</span>
<!-- ddl_link_button -->
</button>
<div class="slide_in">
<div class="slide_in_content_wrapper reveal">
<div class="content_toggle_content_wrapper ddl">                 <!-- ddl_check_group -->
<span class="ddl_check_group">
<ul class="ddl_check_group_list">
<li class="ddl_check_group_item">
<!-- ddl_check_option -->
<span class="ddl_check_option">
<input type="checkbox" data-id="clubcard" id="mob_clubcard" class="ddl_check_option_input choff" value="1" name="mob_clubcard" >

<label class="ddl_check_option_mark" aria-hidden="true" for="mob_clubcard">
<svg version="1.1" id="Layer_1" xmlns="http://www.w3.org/2000/svg" xmlns:xlink="http://www.w3.org/1999/xlink" x="0px" y="0px"
width="50.3px" height="62px" viewBox="0 0 50.3 62" style="enable-background:new 0 0 50.3 62;" xml:space="preserve">
<g>
<path id="XMLID_1_" fill="#333" d="M48.7,17.2l-4.9-4.9c-0.7-0.7-1.8-0.7-2.4,0L17.5,36.2l-8.4-8.4c-0.7-0.7-1.8-0.7-2.4,0l-4.9,4.9
c-0.7,0.7-0.7,1.8,0,2.4L15.7,49c0.5,0.5,1.1,1.2,1.8,1.2s1.4-0.7,1.9-1.2l29.4-29.4C49.4,19,49.4,17.9,48.7,17.2z"></path>
</g>
</svg>
</label>
<label class="ddl_check_option_label" for="mob_clubcard">
S Clubcard                      </label>

</span>
<!-- ddl_check_option -->
</li>
<li class="ddl_check_group_item">
<!-- ddl_check_option -->
<span class="ddl_check_option">
<input type="checkbox" data-id="new" id="mob_new" class="ddl_check_option_input choff" value="1" name="mob_new" >

<label class="ddl_check_option_mark" aria-hidden="true" for="mob_new">
<svg version="1.1" id="Layer_1" xmlns="http://www.w3.org/2000/svg" xmlns:xlink="http://www.w3.org/1999/xlink" x="0px" y="0px"
width="50.3px" height="62px" viewBox="0 0 50.3 62" style="enable-background:new 0 0 50.3 62;" xml:space="preserve">
<g>
<path id="XMLID_1_" fill="#333" d="M48.7,17.2l-4.9-4.9c-0.7-0.7-1.8-0.7-2.4,0L17.5,36.2l-8.4-8.4c-0.7-0.7-1.8-0.7-2.4,0l-4.9,4.9
c-0.7,0.7-0.7,1.8,0,2.4L15.7,49c0.5,0.5,1.1,1.2,1.8,1.2s1.4-0.7,1.9-1.2l29.4-29.4C49.4,19,49.4,17.9,48.7,17.2z"></path>
</g>
</svg>
</label>
<label class="ddl_check_option_label" for="mob_new">
Novinka                      </label>

</span>
<!-- ddl_check_option -->
</li>
<li class="ddl_check_group_item">
<!-- ddl_check_option -->
<span class="ddl_check_option">
<input type="checkbox" data-id="online" id="mob_online" class="ddl_check_option_input choff" value="1" name="mob_online" >

<label class="ddl_check_option_mark" aria-hidden="true" for="mob_online">
<svg version="1.1" id="Layer_1" xmlns="http://www.w3.org/2000/svg" xmlns:xlink="http://www.w3.org/1999/xlink" x="0px" y="0px"
width="50.3px" height="62px" viewBox="0 0 50.3 62" style="enable-background:new 0 0 50.3 62;" xml:space="preserve">
<g>
<path id="XMLID_1_" fill="#333" d="M48.7,17.2l-4.9-4.9c-0.7-0.7-1.8-0.7-2.4,0L17.5,36.2l-8.4-8.4c-0.7-0.7-1.8-0.7-2.4,0l-4.9,4.9
c-0.7,0.7-0.7,1.8,0,2.4L15.7,49c0.5,0.5,1.1,1.2,1.8,1.2s1.4-0.7,1.9-1.2l29.4-29.4C49.4,19,49.4,17.9,48.7,17.2z"></path>
</g>
</svg>
</label>
<label class="ddl_check_option_label" for="mob_online">
Dostupné online                      </label>

</span>
<!-- ddl_check_option -->
</li>
<li class="ddl_check_group_item">
<!-- ddl_check_option -->
<span class="ddl_check_option">
<input type="checkbox" data-id="for_less" id="mob_for_less" class="ddl_check_option_input choff" value="1" name="mob_for_less" >

<label class="ddl_check_option_mark" aria-hidden="true" for="mob_for_less">
<svg version="1.1" id="Layer_1" xmlns="http://www.w3.org/2000/svg" xmlns:xlink="http://www.w3.org/1999/xlink" x="0px" y="0px"
width="50.3px" height="62px" viewBox="0 0 50.3 62" style="enable-background:new 0 0 50.3 62;" xml:space="preserve">
<g>
<path id="XMLID_1_" fill="#333" d="M48.7,17.2l-4.9-4.9c-0.7-0.7-1.8-0.7-2.4,0L17.5,36.2l-8.4-8.4c-0.7-0.7-1.8-0.7-2.4,0l-4.9,4.9
c-0.7,0.7-0.7,1.8,0,2.4L15.7,49c0.5,0.5,1.1,1.2,1.8,1.2s1.4-0.7,1.9-1.2l29.4-29.4C49.4,19,49.4,17.9,48.7,17.2z"></path>
</g>
</svg>
</label>
<label class="ddl_check_option_label" for="mob_for_less">
Za menej                      </label>

</span>
<!-- ddl_check_option -->
</li>
</ul>
</span>
<!-- ddl_check_group -->
</div>
</div>
</div>
</div>
<!-- ddl_content_toggle -->
</div>


<div class="lam-mobileFilter__filters__filterOrSortContainer a-mobileFilter__filters__sortBy">
<!-- ddl_content_toggle -->
<div class="ddl_content_toggle ddl_form_element secondary">
<button class="switch_btn">
<span class="label">
<p class="lam-mobileFilter__filters__filterOrSortContainer__title">Zoradiť podľa</p>
</span>
<!-- ddl_link_button -->
<span class="ddl_link_button button-secondary icon-small">
<i class="icon">
<!-- ddl_icon -->
<svg width="15px" height="8px" viewBox="0 0 15 8" version="1.1" xmlns="http://www.w3.org/2000/svg" xmlns:xlink="http://www.w3.org/1999/xlink">
<!-- Generator: Sketch 48.2 (47327) - http://www.bohemiancoding.com/sketch -->
<title>Sipka_2px/up Copy 8</title>
<desc>Created with Sketch.</desc>
<defs></defs>
<g id="Filter-mobile-/-recipes-03" stroke="none" stroke-width="1" fill="none" fill-rule="evenodd" transform="translate(-279.000000, -940.000000)">
<g id="Sipka_1px/up" transform="translate(286.500000, 944.000000) rotate(-180.000000) translate(-286.500000, -944.000000) translate(279.000000, 940.000000)" stroke="#00539F">
<g id="Forward-link" transform="translate(7.500000, 4.000000) rotate(-180.000000) translate(-7.500000, -4.000000) ">
<polyline id="Stroke-1" transform="translate(7.500000, 4.000000) rotate(-270.000000) translate(-7.500000, -4.000000) " points="4 -3 11 4.00323774 4 11"></polyline>
</g>
</g>
</g>
</svg>          <!-- ddl_icon -->
</i>
</span>
<!-- ddl_link_button -->
</button>
<div class="slide_in">
<div class="slide_in_content_wrapper reveal">
<div class="content_toggle_content_wrapper ddl">           <!-- ddl_check_group -->
<span class="ddl_check_group">
<ul class="ddl_check_group_list">
<li class="ddl_check_group_item">
<span class="ddl_check_option">
<input type="checkbox" data-id="name" id="mob_name" class="ddl_check_option_input choff" value="1" name="mob_name" >
<label class="ddl_check_option_mark" aria-hidden="true" for="mob_name">
<svg version="1.1" id="Layer_1" xmlns="http://www.w3.org/2000/svg" xmlns:xlink="http://www.w3.org/1999/xlink" x="0px" y="0px"
width="50.3px" height="62px" viewBox="0 0 50.3 62" style="enable-background:new 0 0 50.3 62;" xml:space="preserve">
<g>
<path id="XMLID_1_" fill="#333" d="M48.7,17.2l-4.9-4.9c-0.7-0.7-1.8-0.7-2.4,0L17.5,36.2l-8.4-8.4c-0.7-0.7-1.8-0.7-2.4,0l-4.9,4.9
c-0.7,0.7-0.7,1.8,0,2.4L15.7,49c0.5,0.5,1.1,1.2,1.8,1.2s1.4-0.7,1.9-1.2l29.4-29.4C49.4,19,49.4,17.9,48.7,17.2z"></path>
</g>
</svg>
</label>
<label class="ddl_check_option_label" for="mob_name">
Názvu                </label>
</span>
</li>
<li class="ddl_check_group_item">
<span class="ddl_check_option">
<input type="checkbox" data-id="discount" id="mob_discount" class="ddl_check_option_input choff" value="1" name="mob_discount" >
<label class="ddl_check_option_mark" aria-hidden="true" for="mob_discount">
<svg version="1.1" id="Layer_1" xmlns="http://www.w3.org/2000/svg" xmlns:xlink="http://www.w3.org/1999/xlink" x="0px" y="0px"
width="50.3px" height="62px" viewBox="0 0 50.3 62" style="enable-background:new 0 0 50.3 62;" xml:space="preserve">
<g>
<path id="XMLID_1_" fill="#333" d="M48.7,17.2l-4.9-4.9c-0.7-0.7-1.8-0.7-2.4,0L17.5,36.2l-8.4-8.4c-0.7-0.7-1.8-0.7-2.4,0l-4.9,4.9
c-0.7,0.7-0.7,1.8,0,2.4L15.7,49c0.5,0.5,1.1,1.2,1.8,1.2s1.4-0.7,1.9-1.2l29.4-29.4C49.4,19,49.4,17.9,48.7,17.2z"></path>
</g>
</svg>
</label>
<label class="ddl_check_option_label" for="mob_discount">
Najvyššej zľavy              </label>
</span>
</li>
<li class="ddl_check_group_item">
<span class="ddl_check_option">
<input type="checkbox" data-id="visited" id="mob_visited" class="ddl_check_option_input choff" value="1" name="mob_visited" >
<label class="ddl_check_option_mark" aria-hidden="true" for="mob_visited">
<svg version="1.1" id="Layer_1" xmlns="http://www.w3.org/2000/svg" xmlns:xlink="http://www.w3.org/1999/xlink" x="0px" y="0px"
width="50.3px" height="62px" viewBox="0 0 50.3 62" style="enable-background:new 0 0 50.3 62;" xml:space="preserve">
<g>
<path id="XMLID_1_" fill="#333" d="M48.7,17.2l-4.9-4.9c-0.7-0.7-1.8-0.7-2.4,0L17.5,36.2l-8.4-8.4c-0.7-0.7-1.8-0.7-2.4,0l-4.9,4.9
c-0.7,0.7-0.7,1.8,0,2.4L15.7,49c0.5,0.5,1.1,1.2,1.8,1.2s1.4-0.7,1.9-1.2l29.4-29.4C49.4,19,49.4,17.9,48.7,17.2z"></path>
</g>
</svg>
</label>
<label class="ddl_check_option_label" for="mob_visited">
Počtu vyhľadávaní            </label>
</span>
</li>
<li class="ddl_check_group_item">
<span class="ddl_check_option">
<input type="checkbox" data-id="expensive" id="mob_expensive" class="ddl_check_option_input choff" value="1" name="mob_expensive" >
<label class="ddl_check_option_mark" aria-hidden="true" for="mob_expensive">
<svg version="1.1" id="Layer_1" xmlns="http://www.w3.org/2000/svg" xmlns:xlink="http://www.w3.org/1999/xlink" x="0px" y="0px"
width="50.3px" height="62px" viewBox="0 0 50.3 62" style="enable-background:new 0 0 50.3 62;" xml:space="preserve">
<g>
<path id="XMLID_1_" fill="#333" d="M48.7,17.2l-4.9-4.9c-0.7-0.7-1.8-0.7-2.4,0L17.5,36.2l-8.4-8.4c-0.7-0.7-1.8-0.7-2.4,0l-4.9,4.9
c-0.7,0.7-0.7,1.8,0,2.4L15.7,49c0.5,0.5,1.1,1.2,1.8,1.2s1.4-0.7,1.9-1.2l29.4-29.4C49.4,19,49.4,17.9,48.7,17.2z"></path>
</g>
</svg>
</label>
<label class="ddl_check_option_label" for="mob_expensive">
Najvyššej ceny          </label>
</span>
</li>
<li class="ddl_check_group_item">
<span class="ddl_check_option">
<input type="checkbox" data-id="cheapest" id="mob_cheapest" class="ddl_check_option_input choff" value="1" name="mob_cheapest" >
<label class="ddl_check_option_mark" aria-hidden="true" for="mob_cheapest">
<svg version="1.1" id="Layer_1" xmlns="http://www.w3.org/2000/svg" xmlns:xlink="http://www.w3.org/1999/xlink" x="0px" y="0px"
width="50.3px" height="62px" viewBox="0 0 50.3 62" style="enable-background:new 0 0 50.3 62;" xml:space="preserve">
<g>
<path id="XMLID_1_" fill="#333" d="M48.7,17.2l-4.9-4.9c-0.7-0.7-1.8-0.7-2.4,0L17.5,36.2l-8.4-8.4c-0.7-0.7-1.8-0.7-2.4,0l-4.9,4.9
c-0.7,0.7-0.7,1.8,0,2.4L15.7,49c0.5,0.5,1.1,1.2,1.8,1.2s1.4-0.7,1.9-1.2l29.4-29.4C49.4,19,49.4,17.9,48.7,17.2z"></path>
</g>
</svg>
</label>
<label class="ddl_check_option_label" for="mob_cheapest">
Najnižšej ceny        </label>
</span>
</li>
<li class="ddl_check_group_item">
<span class="ddl_check_option">
<input type="checkbox" data-id="expired" id="mob_expired" class="ddl_check_option_input choff" value="1" name="mob_expired" >
<label class="ddl_check_option_mark" aria-hidden="true" for="mob_expired">
<svg version="1.1" id="Layer_1" xmlns="http://www.w3.org/2000/svg" xmlns:xlink="http://www.w3.org/1999/xlink" x="0px" y="0px"
width="50.3px" height="62px" viewBox="0 0 50.3 62" style="enable-background:new 0 0 50.3 62;" xml:space="preserve">
<g>
<path id="XMLID_1_" fill="#333" d="M48.7,17.2l-4.9-4.9c-0.7-0.7-1.8-0.7-2.4,0L17.5,36.2l-8.4-8.4c-0.7-0.7-1.8-0.7-2.4,0l-4.9,4.9
c-0.7,0.7-0.7,1.8,0,2.4L15.7,49c0.5,0.5,1.1,1.2,1.8,1.2s1.4-0.7,1.9-1.2l29.4-29.4C49.4,19,49.4,17.9,48.7,17.2z"></path>
</g>
</svg>
</label>
<label class="ddl_check_option_label" for="mob_expired">
Dátumu platnosti      </label>
</span>
</li>
</ul>
</span>
<!-- ddl_check_group -->
</div>
</div>
</div>
</div>
<!-- ddl_content_toggle -->
</div>
</div>
</div>
</div>
<!-- Content Inner -->
</div>
<!-- Content (hidden by default) -->
</div>
<!-- mobileFilter Organism -->
</div><!-- hide on desktops -->
</div>

<div class="filter-container m-productListing__filters hidden visible-md">
<div class="a-productListing__filters__filterByDiscount_wrapper">
<p class="a-productListing__filters__filterLabel">Filtrovať podľa zľavy                                :</p>
<div class="a-productListing__filters__filterByDiscount" data-min="0"
data-max="58"
data-current-min="0"
data-current-max="100"></div>
</div>

<div class="a-productListing__filters__filterByType_wrapper">
<p class="a-productListing__filters__filterLabel">
Filtrovať podľa typu:</p>
<div class="a-productListing__filters__filterByType">
<p class="a-productListing__filters__filterByType__label">
Filtrovať podľa typu                                </p>
<svg class="a-productListing__filters__filterByType__icon" viewBox="0 0 24 24" x="0px"
y="0px" width="24" height="24" class="icon">
<polyline points="20.65 5.31 12 14.28 3.36 5.31"></polyline>
</svg>
<div class="a-productListing__filters__filterByType__dropdown">
<ul class="a-productListing__filters__filterByType__dropdown__list">
<li class="a-productListing__filters__filterByType__dropdown__list__item ddl">
<div data-filter="filter" data-value="clubcard"
class="query-pagination">
<span class="ddl_check_option">
<input type="checkbox" id="clubcard"
class="ddl_check_option_input choff" value="1"
name="clubcard" >

<label class="ddl_check_option_mark" aria-hidden="true"
for="clubcard">
<svg version="1.1" id="Layer_1" xmlns="http://www.w3.org/2000/svg"
xmlns:xlink="http://www.w3.org/1999/xlink" x="0px" y="0px"
width="50.3px" height="62px" viewBox="0 0 50.3 62"
style="enable-background:new 0 0 50.3 62;"
xml:space="preserve">
<g>
<path id="XMLID_1_" fill="#333" d="M48.7,17.2l-4.9-4.9c-0.7-0.7-1.8-0.7-2.4,0L17.5,36.2l-8.4-8.4c-0.7-0.7-1.8-0.7-2.4,0l-4.9,4.9
c-0.7,0.7-0.7,1.8,0,2.4L15.7,49c0.5,0.5,1.1,1.2,1.8,1.2s1.4-0.7,1.9-1.2l29.4-29.4C49.4,19,49.4,17.9,48.7,17.2z"></path>
</g>
</svg>
</label>

<label class="ddl_check_option_label" for="clubcard">
S Clubcard                                                </label>

</span>
</div>
</li>
<li class="a-productListing__filters__filterByType__dropdown__list__item ddl">
<div data-filter="filter" data-value="new"
class="query-pagination">
<span class="ddl_check_option">
<input type="checkbox" id="new"
class="ddl_check_option_input choff" value="1"
name="new" >

<label class="ddl_check_option_mark" aria-hidden="true"
for="new">
<svg version="1.1" id="Layer_1" xmlns="http://www.w3.org/2000/svg"
xmlns:xlink="http://www.w3.org/1999/xlink" x="0px" y="0px"
width="50.3px" height="62px" viewBox="0 0 50.3 62"
style="enable-background:new 0 0 50.3 62;"
xml:space="preserve">
<g>
<path id="XMLID_1_" fill="#333" d="M48.7,17.2l-4.9-4.9c-0.7-0.7-1.8-0.7-2.4,0L17.5,36.2l-8.4-8.4c-0.7-0.7-1.8-0.7-2.4,0l-4.9,4.9
c-0.7,0.7-0.7,1.8,0,2.4L15.7,49c0.5,0.5,1.1,1.2,1.8,1.2s1.4-0.7,1.9-1.2l29.4-29.4C49.4,19,49.4,17.9,48.7,17.2z"></path>
</g>
</svg>
</label>

<label class="ddl_check_option_label" for="new">
Novinka                                                </label>

</span>
</div>
</li>
<li class="a-productListing__filters__filterByType__dropdown__list__item ddl">
<div data-filter="filter" data-value="online"
class="query-pagination">
<span class="ddl_check_option">
<input type="checkbox" id="online"
class="ddl_check_option_input choff" value="1"
name="online" >

<label class="ddl_check_option_mark" aria-hidden="true"
for="online">
<svg version="1.1" id="Layer_1" xmlns="http://www.w3.org/2000/svg"
xmlns:xlink="http://www.w3.org/1999/xlink" x="0px" y="0px"
width="50.3px" height="62px" viewBox="0 0 50.3 62"
style="enable-background:new 0 0 50.3 62;"
xml:space="preserve">
<g>
<path id="XMLID_1_" fill="#333" d="M48.7,17.2l-4.9-4.9c-0.7-0.7-1.8-0.7-2.4,0L17.5,36.2l-8.4-8.4c-0.7-0.7-1.8-0.7-2.4,0l-4.9,4.9
c-0.7,0.7-0.7,1.8,0,2.4L15.7,49c0.5,0.5,1.1,1.2,1.8,1.2s1.4-0.7,1.9-1.2l29.4-29.4C49.4,19,49.4,17.9,48.7,17.2z"></path>
</g>
</svg>
</label>

<label class="ddl_check_option_label" for="online">
Dostupné online                                                </label>

</span>
</div>
</li>
<li class="a-productListing__filters__filterByType__dropdown__list__item ddl">
<div data-filter="filter" data-value="for_less"
class="query-pagination">
<span class="ddl_check_option">
<input type="checkbox" id="for_less"
class="ddl_check_option_input choff" value="1"
name="for_less" >

<label class="ddl_check_option_mark" aria-hidden="true"
for="for_less">
<svg version="1.1" id="Layer_1" xmlns="http://www.w3.org/2000/svg"
xmlns:xlink="http://www.w3.org/1999/xlink" x="0px" y="0px"
width="50.3px" height="62px" viewBox="0 0 50.3 62"
style="enable-background:new 0 0 50.3 62;"
xml:space="preserve">
<g>
<path id="XMLID_1_" fill="#333" d="M48.7,17.2l-4.9-4.9c-0.7-0.7-1.8-0.7-2.4,0L17.5,36.2l-8.4-8.4c-0.7-0.7-1.8-0.7-2.4,0l-4.9,4.9
c-0.7,0.7-0.7,1.8,0,2.4L15.7,49c0.5,0.5,1.1,1.2,1.8,1.2s1.4-0.7,1.9-1.2l29.4-29.4C49.4,19,49.4,17.9,48.7,17.2z"></path>
</g>
</svg>
</label>

<label class="ddl_check_option_label" for="for_less">
Za menej                                                </label>

</span>
</div>
</li>
</ul>
</div>
</div>
</div>
<div class="a-productListing__filters__sortBy_wrapper">
<p class="a-productListing__filters__filterLabel">
Zoradiť podľa:</p>
<div class="a-productListing__filters__sortBy">
<p class="a-productListing__filters__sortBy__label" id="sort-dropdown"
data-value="Zoradiť podľa">
Zoradiť podľa                                </p>
<svg class="a-productListing__filters__sortBy__icon" viewBox="0 0 24 24" x="0px" y="0px"
width="24" height="24" class="icon">
<polyline points="20.65 5.31 12 14.28 3.36 5.31"></polyline>
</svg>
<div class="a-productListing__filters__sortBy__dropdown">
<ul class="a-productListing__filters__sortBy__dropdown__list">
<li class="a-productListing__filters__sortBy__dropdown__list__item ddl">
<div
class="a-productListing__filters__sortBy__dropdown__list__item__heading query-pagination sort-dropdown"
data-value="name" data-filter="sort">
Názvu                                            </div>
</li>
<li class="a-productListing__filters__sortBy__dropdown__list__item ddl">
<div
class="a-productListing__filters__sortBy__dropdown__list__item__heading query-pagination sort-dropdown"
data-value="saving" data-filter="sort">
Najvyššej zľavy                                            </div>
</li>
<li class="a-productListing__filters__sortBy__dropdown__list__item ddl">
<div
class="a-productListing__filters__sortBy__dropdown__list__item__heading query-pagination sort-dropdown"
data-value="visited" data-filter="sort">
Počtu vyhľadávaní                                            </div>
</li>
<li class="a-productListing__filters__sortBy__dropdown__list__item ddl">
<div
class="a-productListing__filters__sortBy__dropdown__list__item__heading query-pagination sort-dropdown"
data-value="expensive" data-filter="sort">
Najvyššej ceny                                            </div>
</li>
<li class="a-productListing__filters__sortBy__dropdown__list__item ddl">
<div
class="a-productListing__filters__sortBy__dropdown__list__item__heading query-pagination sort-dropdown"
data-value="cheapest" data-filter="sort">
Najnižšej ceny                                            </div>
</li>
<li class="a-productListing__filters__sortBy__dropdown__list__item ddl">
<div
class="a-productListing__filters__sortBy__dropdown__list__item__heading query-pagination sort-dropdown"
data-value="expired" data-filter="sort">
Dátumu platnosti                                            </div>
</li>
</ul>
</div>
</div>
</div>
</div>
<div class="product-container m-productListing__productsGrid mobile hidden visible-xx-fixed visible-xs-fixed visible-sm-fixed">
<div id="product-listing-entry-tplforjs" class="hidden">

{% if product[&#039;magicItem&#039;] == 1 %}

&lt;div class=&quot;a-productListing__productsGrid__element&quot;&gt;
&lt;div
id=&quot;magic_item-63b067109bc0f__{{ product[&#039;id&#039;] }}&quot;
class=&quot;ddl-product-lol magic_item{% if 0 == product[&#039;id&#039;] %}form_open{% endif %}&quot;
&gt;
&lt;div class=&quot;details-box&quot; id=&quot;magic_item-{{ product[&#039;id&#039;] }}&quot;&gt;


&lt;div class=&quot;name_container&quot;&gt;
&lt;div class=&quot;nddl t2 name&quot;&gt;{{ product[&#039;name&#039;] }}&lt;/div&gt;
&lt;div class=&quot;nddl t3 subtitle&quot;&gt;{{ product[&#039;subtitle&#039;] }}&lt;/div&gt;
&lt;/div&gt;

&lt;div class=&quot;animation&quot;&gt;
{% if product[&#039;animation&#039;] or product[&#039;animation_mp4&#039;] %}
&lt;video
autoplay
muted
loop
playsinline
webkit-playsinline
preload=&quot;auto&quot;
&gt;
{% if product[&#039;animation&#039;] %}
&lt;source
src=&quot;{{ product[&#039;animation&#039;] }}&quot;
type=&quot;video/webm&quot;
/&gt;
{% endif %}

{% if product[&#039;animation_mp4&#039;] %}
&lt;source
src=&quot;{{ product[&#039;animation_mp4&#039;] }}&quot;
type=&quot;video/mp4&quot;
/&gt;
{% endif %}
&lt;/video&gt;
{% endif %}

{% if product[&#039;image&#039;] %}
&lt;img
src=&quot;{{ product[&#039;image&#039;] }}&quot;
alt=&quot;magic_item-63b067109bc0f__{{ product[&#039;id&#039;] }}__image_alt&quot;
/&gt;
{% endif %}
&lt;/div&gt;
&lt;/div&gt;

&lt;div class=&quot;shopping-list-parts&quot;&gt;
&lt;a
href=&quot;?apage=0&amp;page=7&amp;magic_item_form={{ product[&#039;id&#039;] }}#magic_item-{{ product[&#039;id&#039;] }}&quot;
class=&quot;add-button magic_item_join&quot;
&gt;
&lt;i class=&quot;icon&quot;&gt;
&lt;svg viewBox=&quot;0 0 24 24&quot; width=&quot;100%&quot; height=&quot;100%&quot;&gt;
&lt;line x1=&quot;3&quot; y1=&quot;12&quot; x2=&quot;21&quot; y2=&quot;12&quot;&gt;&lt;/line&gt;
&lt;line x1=&quot;12&quot; y1=&quot;3&quot; x2=&quot;12&quot; y2=&quot;21&quot;&gt;&lt;/line&gt;
&lt;/svg&gt;
&lt;/i&gt;

&lt;div class=&quot;add-text ddl_link_inline&quot;&gt;
&lt;div&gt;
&lt;span class=&quot;label_wrapper&quot;&gt;
&lt;span class=&quot;label&quot;&gt;&lt;/span&gt;
&lt;/span&gt;
&lt;/div&gt;
&lt;/div&gt;
&lt;/a&gt;

&lt;form
action=&quot;?apage=0&amp;page=7&amp;magic_item_form={{ product[&#039;id&#039;] }}#magic_item-{{ product[&#039;id&#039;] }}&quot;
method=&quot;POST&quot;
id=&quot;magic_item-{{ product[&#039;id&#039;] }}__form&quot;
class=&quot;magic_item__form&quot;
data-options=&#039;[]&#039;
&gt;
&lt;input type=&quot;hidden&quot; name=&quot;__token&quot; value=&quot;ZjQ5MDQ5NzlhMDFjYzc3NGRmZDExMDNkZWRjZmE1YWI=&quot; /&gt;

&lt;input type=&quot;hidden&quot; name=&quot;id&quot; value=&quot;{{ product[&#039;id&#039;] }}&quot; /&gt;
&lt;input type=&quot;hidden&quot; name=&quot;hid&quot; value=&quot;{{ product[&#039;hid&#039;] }}&quot; /&gt;

&lt;h3&gt;&lt;/h3&gt;

&lt;h4&gt;&lt;/h4&gt;

&lt;div class=&quot;FormValidate__field magic_item__form__field email&quot;&gt;
&lt;label
for=&quot;magic_item-63b067109bc0f__{{ product[&#039;id&#039;] }}__email&quot;
class=&quot;nddl-sr-only&quot;
&gt;

&lt;/label&gt;

&lt;input
type=&quot;email&quot;
name=&quot;email&quot;
id=&quot;magic_item-63b067109bc0f__{{ product[&#039;id&#039;] }}__email&quot;
placeholder=&quot;&quot;
/&gt;

&lt;div class=&quot;FormValidate__field__error error_text&quot;&gt;&lt;/div&gt;
&lt;/div&gt;

&lt;div class=&quot;FormValidate__field magic_item__form__field name&quot;&gt;
&lt;label
for=&quot;magic_item-63b067109bc0f__{{ product[&#039;id&#039;] }}__name&quot;
class=&quot;nddl-sr-only&quot;
&gt;

&lt;/label&gt;

&lt;input
type=&quot;text&quot;
name=&quot;name&quot;
data-type=&quot;name&quot;
id=&quot;magic_item-63b067109bc0f__{{ product[&#039;id&#039;] }}__name&quot;
placeholder=&quot;&quot;
/&gt;

&lt;div class=&quot;FormValidate__field__error error_text&quot;&gt;&lt;/div&gt;
&lt;/div&gt;

&lt;div class=&quot;FormValidate__field magic_item__form__checkbox consent&quot;&gt;
&lt;input
class=&quot;nddl-sr-only choff&quot;
id=&quot;magic_item-63b067109bc0f__{{ product[&#039;id&#039;] }}__consent&quot;
name=&quot;consent&quot;
type=&quot;checkbox&quot;
/&gt;

&lt;label class=&quot;mark&quot; for=&quot;magic_item-63b067109bc0f__{{ product[&#039;id&#039;] }}__consent&quot;&gt;
&lt;svg
version=&quot;1.1&quot;
xmlns=&quot;http://www.w3.org/2000/svg&quot;
x=&quot;0px&quot;
y=&quot;0px&quot;
width=&quot;50.3px&quot;
height=&quot;62px&quot;
viewBox=&quot;0 0 50.3 62&quot;
style=&quot;enable-background:new 0 0 50.3 62;&quot;
xml:space=&quot;preserve&quot;
&gt;
&lt;g&gt;
&lt;path
class=&quot;checkbox&quot;
fill=&quot;#333&quot;
d=&quot;M48.7,17.2l-4.9-4.9c-0.7-0.7-1.8-0.7-2.4,0L17.5,36.2l-8.4-8.4c-0.7-0.7-1.8-0.7-2.4,0l-4.9,4.9 c-0.7,0.7-0.7,1.8,0,2.4L15.7,49c0.5,0.5,1.1,1.2,1.8,1.2s1.4-0.7,1.9-1.2l29.4-29.4C49.4,19,49.4,17.9,48.7,17.2z&quot;
&gt;&lt;/path&gt;
&lt;/g&gt;
&lt;/svg&gt;
&lt;/label&gt;

&lt;label class=&quot;label&quot; for=&quot;magic_item-63b067109bc0f__{{ product[&#039;id&#039;] }}__consent&quot;&gt;

&lt;/label&gt;

&lt;div class=&quot;FormValidate__field__error error_text&quot;&gt;&lt;/div&gt;
&lt;/div&gt;

&lt;div class=&quot;FormValidate__field magic_item__form__checkbox newsletter&quot;&gt;
&lt;input
class=&quot;nddl-sr-only choff&quot;
id=&quot;magic_item-63b067109bc0f__{{ product[&#039;id&#039;] }}__newsletter&quot;
name=&quot;newsletter&quot;
type=&quot;checkbox&quot;
/&gt;

&lt;label class=&quot;mark&quot; for=&quot;magic_item-63b067109bc0f__{{ product[&#039;id&#039;] }}__newsletter&quot;&gt;
&lt;svg
version=&quot;1.1&quot;
xmlns=&quot;http://www.w3.org/2000/svg&quot;
x=&quot;0px&quot;
y=&quot;0px&quot;
width=&quot;50.3px&quot;
height=&quot;62px&quot;
viewBox=&quot;0 0 50.3 62&quot;
style=&quot;enable-background:new 0 0 50.3 62;&quot;
xml:space=&quot;preserve&quot;
&gt;
&lt;g&gt;
&lt;path
class=&quot;checkbox&quot;
fill=&quot;#333&quot;
d=&quot;M48.7,17.2l-4.9-4.9c-0.7-0.7-1.8-0.7-2.4,0L17.5,36.2l-8.4-8.4c-0.7-0.7-1.8-0.7-2.4,0l-4.9,4.9 c-0.7,0.7-0.7,1.8,0,2.4L15.7,49c0.5,0.5,1.1,1.2,1.8,1.2s1.4-0.7,1.9-1.2l29.4-29.4C49.4,19,49.4,17.9,48.7,17.2z&quot;
&gt;&lt;/path&gt;
&lt;/g&gt;
&lt;/svg&gt;
&lt;/label&gt;

&lt;label class=&quot;label&quot; for=&quot;magic_item-63b067109bc0f__{{ product[&#039;id&#039;] }}__newsletter&quot;&gt;

&lt;/label&gt;

&lt;div class=&quot;FormValidate__field__error error_text&quot;&gt;&lt;/div&gt;
&lt;/div&gt;

&lt;button class=&quot;newddl-button white xmas2018 no-float no-icon submit&quot;&gt;
&lt;span class=&quot;link-label&quot;&gt;&lt;/span&gt;
&lt;/button&gt;


&lt;/form&gt;
&lt;/div&gt;
&lt;/div&gt;
&lt;/div&gt;

{% else %}
&lt;div class=&quot;a-productListing__productsGrid__element{{ &#039; banner&#039; if product[&#039;type&#039;] == 1 }}&quot;&gt;
&lt;div class=&quot;ddl-product-lol {% if product[&#039;leaflet_domain&#039;] == &#039;starline&#039; %}starline{% endif %} {{ &#039; -disableHover&#039; if product[&#039;type&#039;] == 1 }}xEqHeights soon-expire&quot; title=&quot;{{ product[&#039;name&#039;] }}&quot;&gt;
&lt;div class=&quot;status-bar cf&quot;&gt;
{% if product[&#039;data&#039;] and product[&#039;data&#039;][&#039;tpn&#039;] and product[&#039;data&#039;][&#039;tpn&#039;][0] %}
{% if product[&#039;leaflet_domain&#039;] == &#039;starline&#039; %}
&lt;div class=&quot;hovershowtooltip&quot;&gt;
&lt;div class=&quot;inner&quot;&gt;Ponuka je platná do {{ product.offerend | dmyDateFormat }}.
&lt;/div&gt;
&lt;div class=&quot;arrow-container&quot;&gt;
&lt;div class=&quot;arrow-down&quot;&gt;&lt;/div&gt;
&lt;div class=&quot;arrow-down-fg&quot;&gt;&lt;/div&gt;
&lt;/div&gt;
&lt;/div&gt;
{% endif %}
&lt;a href=&quot;https://potravinydomov.itesco.sk/groceries/sk-SK/products/{{ product[&#039;data&#039;][&#039;tpn&#039;][0] }}&quot; class=&quot;newddl-button left transparent ghs-link&quot; tabindex=&quot;0&quot; target=&quot;_blank&quot;&gt;
&lt;i class=&quot;icon&quot;&gt;
&lt;svg xmlns=&quot;http://www.w3.org/2000/svg&quot; xmlns:xlink=&quot;http://www.w3.org/1999/xlink&quot; style=&quot;width: 20px !important&quot; height=&quot;13&quot; viewBox=&quot;0 0 23 13&quot;&gt;
&lt;defs&gt;
&lt;path id=&quot;clxfa&quot; d=&quot;M33.33 21.44c.44.1.67.38.67.8v3.1c0 .47-.38.84-.84.84h-.9a2.2 2.2 0 0 1-2.18 1.8 2.2 2.2 0 0 1-2.17-1.8h-7.9a2.22 2.22 0 0 1-2.2 1.82c-1.1 0-2-.79-2.19-1.82h-1.66c-.97 0-1.15-.92-1.25-1.41l-1.04-4.25-.41-.27a.3.3 0 0 1-.14-.23L11 18.73c0-.84.66-1.5 1.48-1.5h2.3l-.14.15a.46.46 0 0 0 0 .66.47.47 0 0 0 .66 0l.8-.8h.01l2.11-2.1c.14-.14.41-.19.58-.09.15.09.24.24.24.4 0 .13-.05.24-.14.33l-1.47 1.46h4.39l-1.47-1.46a.46.46 0 0 1 .1-.73c.17-.1.43-.05.57.1L24 18.08c.08.06.18.1.28.1.17 0 .32-.09.4-.24.1-.17.05-.43-.09-.57l-.14-.14h2.31c.77 0 1.39.57 1.47 1.3h1.75c.22 0 .8 0 1.03.71l.8 1.94zM28.7 25.8c0 .75.62 1.36 1.37 1.36.86 0 1.54-.77 1.35-1.65-.1-.52-.53-.93-1.05-1.04a1.38 1.38 0 0 0-1.67 1.33zm-2.17-1c-.05.23-.12.44-.22.63h1.6a2.2 2.2 0 0 1 2.16-1.81c1.09 0 2 .76 2.18 1.8h.9c.04 0 .07-.03.07-.06v-3.11-.04l-.06-.01-1.7-.28a.39.39 0 0 1-.3-.23l-.9-2.2c-.05-.16-.08-.17-.29-.17h-1.77-.02l-.06.71a.3.3 0 0 1-.14.23l-.41.27zm-8.25-4.07a.42.42 0 0 0-.42.43l.29 2.69a.42.42 0 1 0 .83-.02l-.28-2.69a.42.42 0 0 0-.42-.4zm-3 3.15c.02.21.2.38.41.38h.04a.42.42 0 0 0 .38-.46l-.43-2.69a.41.41 0 0 0-.45-.38.42.42 0 0 0-.38.46zm2.53 3.27c.61 0 1.13-.4 1.3-.96h-2.6c.16.56.68.96 1.3.96zm4.11-6a.42.42 0 0 0-.41-.42.41.41 0 0 0-.42.4l-.28 2.72c0 .22.18.4.41.4.23 0 .42-.18.42-.39zm2.17 3.1c.22 0 .4-.16.42-.36l.43-2.71a.41.41 0 0 0-.38-.45.42.42 0 0 0-.45.37l-.43 2.71c-.01.11.02.22.1.3.07.09.17.14.28.15z&quot;&gt;&lt;/path&gt;
&lt;/defs&gt;
&lt;g&gt;
&lt;g clip-path=&quot;url(#clip-72B53A8F-48D2-421E-9EC9-9A8CE7DC52A1)&quot; transform=&quot;translate(-11 -15)&quot;&gt;
&lt;use fill=&quot;#00549e&quot; stroke=&quot;none&quot; xlink:href=&quot;#clxfa&quot;&gt;&lt;/use&gt;
&lt;/g&gt;
&lt;/g&gt;
&lt;/svg&gt;
&lt;/i&gt;
&lt;div class=&quot;ddl_link_inline address shoponline&quot; style=&quot;display: inline-block; vertical-align: middle;&quot;&gt;
&lt;span class=&quot;link&quot;&gt;
&lt;span class=&quot;label_wrapper&quot;&gt;
&lt;span class=&quot;label&quot;&gt;Kúpiť teraz&lt;/span&gt;
&lt;/span&gt;
&lt;/span&gt;
&lt;/div&gt;
&lt;/a&gt;
{% endif %}

{% if product[&#039;leaflet_domain&#039;] == &#039;starline&#039; and moment().valueOf() &lt; product.productValidity %}
&lt;div class=&quot;promo-countdown{{ &#039; -lessThan48&#039; if moment(product.productValidity).diff(moment(), &#039;hours&#039;) &lt;= 48 }}&quot;&gt;
&lt;i class=&quot;icon -lessThan48&quot;&gt;
&lt;svg xmlns=&quot;http://www.w3.org/2000/svg&quot; xmlns:xlink=&quot;http://www.w3.org/1999/xlink&quot; width=&quot;22&quot;
height=&quot;22&quot; viewBox=&quot;0 0 22 22&quot;&gt;
&lt;defs&gt;
&lt;path id=&quot;ywjka&quot; d=&quot;M216.5 21a9.5 9.5 0 1 1-19 0 9.5 9.5 0 0 1 19 0z&quot;/&gt;
&lt;path id=&quot;ywjkb&quot; d=&quot;M207 14.5v7h-5&quot;/&gt;
&lt;/defs&gt;
&lt;g&gt;
&lt;g transform=&quot;translate(-196 -10)&quot;&gt;
&lt;use fill=&quot;#fff&quot; fill-opacity=&quot;0&quot; stroke=&quot;#fff&quot; stroke-miterlimit=&quot;50&quot;
stroke-width=&quot;1.2&quot; xlink:href=&quot;#ywjka&quot;/&gt;
&lt;/g&gt;
&lt;g transform=&quot;translate(-196 -10)&quot;&gt;
&lt;use fill=&quot;#fff&quot; fill-opacity=&quot;0&quot; stroke=&quot;#fff&quot; stroke-miterlimit=&quot;50&quot;
stroke-width=&quot;1.2&quot; xlink:href=&quot;#ywjkb&quot;/&gt;
&lt;/g&gt;
&lt;/g&gt;
&lt;/svg&gt;
&lt;/i&gt;

&lt;i class=&quot;icon normal&quot;&gt;
&lt;svg xmlns=&quot;http://www.w3.org/2000/svg&quot; xmlns:xlink=&quot;http://www.w3.org/1999/xlink&quot; width=&quot;22&quot;
height=&quot;22&quot; viewBox=&quot;0 0 22 22&quot;&gt;
&lt;defs&gt;
&lt;path id=&quot;ywjka&quot; d=&quot;M216.5 21a9.5 9.5 0 1 1-19 0 9.5 9.5 0 0 1 19 0z&quot;/&gt;
&lt;path id=&quot;ywjkb&quot; d=&quot;M207 14.5v7h-5&quot;/&gt;
&lt;/defs&gt;
&lt;g&gt;
&lt;g transform=&quot;translate(-196 -10)&quot;&gt;
&lt;use fill=&quot;#00539F&quot; fill-opacity=&quot;0&quot; stroke=&quot;#00539F&quot; stroke-miterlimit=&quot;50&quot;
stroke-width=&quot;1.2&quot; xlink:href=&quot;#ywjka&quot;/&gt;
&lt;/g&gt;
&lt;g transform=&quot;translate(-196 -10)&quot;&gt;
&lt;use fill=&quot;#00539F&quot; fill-opacity=&quot;0&quot; stroke=&quot;#00539F&quot; stroke-miterlimit=&quot;50&quot;
stroke-width=&quot;1.2&quot; xlink:href=&quot;#ywjkb&quot;/&gt;
&lt;/g&gt;
&lt;/g&gt;
&lt;/svg&gt;
&lt;/i&gt;

&lt;div class=&quot;promo-countdown-wrapper&quot;&gt;
&lt;p&gt;Zľava končí&lt;/p&gt;
&lt;b data-countdown=&quot;{{ product.productValidity | ymdhmsDateFormat}}&quot; data-count-down-dur-locale=&quot;&amp;quot;{\&amp;quot;S\&amp;quot;:\&amp;quot;m\&amp;quot;,\&amp;quot;SS\&amp;quot;:\&amp;quot;m\&amp;quot;,\&amp;quot;s\&amp;quot;:\&amp;quot;d\&amp;quot;,\&amp;quot;ss\&amp;quot;:\&amp;quot;s\&amp;quot;,\&amp;quot;m\&amp;quot;:\&amp;quot;m\&amp;quot;,\&amp;quot;mm\&amp;quot;:\&amp;quot;m\&amp;quot;,\&amp;quot;h\&amp;quot;:\&amp;quot;h\&amp;quot;,\&amp;quot;hh\&amp;quot;:\&amp;quot;h\&amp;quot;,\&amp;quot;d\&amp;quot;:\&amp;quot;d\&amp;quot;,\&amp;quot;dd\&amp;quot;:\&amp;quot;d\&amp;quot;,\&amp;quot;w\&amp;quot;:\&amp;quot;t\&amp;quot;,\&amp;quot;ww\&amp;quot;:\&amp;quot;t\&amp;quot;,\&amp;quot;M\&amp;quot;:\&amp;quot;m\&amp;quot;,\&amp;quot;MM\&amp;quot;:\&amp;quot;m\&amp;quot;,\&amp;quot;y\&amp;quot;:\&amp;quot;r\&amp;quot;,\&amp;quot;yy\&amp;quot;:\&amp;quot;l\&amp;quot;}&amp;quot;&quot;&gt;&lt;/b&gt;
&lt;/div&gt;
&lt;/div&gt;
{% endif %}
&lt;/div&gt;

{% if product[&#039;type&#039;] == 1 %}
&lt;div class=&quot;details-box&quot;&gt;
{% else %}
&lt;a href=&quot;/akciove-ponuky/akciove-produkty/produkt/{{product[&#039;url&#039;]}}&quot; class=&quot;details-box&quot; tabindex=&quot;0&quot;&gt;
{% endif %}
{{product[&#039;productBoxContent&#039;]|safe}}
{% if product[&#039;type&#039;] == 1 %}
&lt;/div&gt;
{% else %}
&lt;/a&gt;
{% endif %}

&lt;div class=&quot;shopping-list-parts&quot;&gt;
&lt;div class=&quot;add-button&quot;&gt;
&lt;i class=&quot;icon&quot;&gt;
&lt;svg viewBox=&quot;0 0 24 24&quot; width=&quot;100%&quot; height=&quot;100%&quot;&gt;
&lt;line x1=&quot;3&quot; y1=&quot;12&quot; x2=&quot;21&quot; y2=&quot;12&quot;&gt;&lt;/line&gt;
&lt;line x1=&quot;12&quot; y1=&quot;3&quot; x2=&quot;12&quot; y2=&quot;21&quot;&gt;&lt;/line&gt;
&lt;/svg&gt;
&lt;/i&gt;
&lt;div class=&quot;add-text ddl_link_inline address addtoshoppinglist&quot;&gt;
&lt;div&gt;
&lt;span class=&quot;label_wrapper&quot;&gt;
&lt;span class=&quot;label&quot;&gt;Pridať do zoznamu&lt;/span&gt;
&lt;/span&gt;
&lt;/div&gt;
&lt;/div&gt;
&lt;span class=&quot;added-text&quot;&gt;Pridané do&lt;a href=&quot;/akciove-ponuky/nakupny-zoznam&quot; title=&quot;zoznamu&quot; target=&quot;_blank&quot;&gt;zoznamu&lt;/a&gt;&lt;/span&gt;
&lt;/div&gt;
&lt;div class=&quot;add-item&quot;&gt;
&lt;div class=&quot;add-item__inner&quot;&gt;
&lt;div class=&quot;newddl-text-field newddl-quantity qty_div&quot;&gt;
&lt;div class=&quot;newddl-button blue icon-bg standalone search-icon no-float less-button disabled&quot;&gt;
&lt;i class=&quot;icon&quot;&gt;
&lt;svg viewBox=&quot;0 0 24 8&quot; width=&quot;100%&quot; height=&quot;100%&quot;&gt;
&lt;line x1=&quot;3&quot; y1=&quot;4&quot; x2=&quot;21&quot; y2=&quot;4&quot;&gt;&lt;/line&gt;
&lt;/svg&gt;
&lt;/i&gt;
&lt;/div&gt;
&lt;input type=&quot;text&quot; class=&quot;newddl-quantity-input qty&quot; value=&quot;1&quot; min=&quot;1&quot; tabindex=&quot;0&quot;&gt;
&lt;div class=&quot;newddl-button blue icon-bg standalone search-icon no-float more-button&quot;&gt;
&lt;i class=&quot;icon&quot;&gt;
&lt;svg viewBox=&quot;0 0 24 24&quot; width=&quot;100%&quot; height=&quot;100%&quot;&gt;
&lt;line x1=&quot;3&quot; y1=&quot;12&quot; x2=&quot;21&quot; y2=&quot;12&quot;&gt;&lt;/line&gt;
&lt;line x1=&quot;12&quot; y1=&quot;3&quot; x2=&quot;12&quot; y2=&quot;21&quot;&gt;&lt;/line&gt;
&lt;/svg&gt;
&lt;/i&gt;
&lt;/div&gt;
&lt;/div&gt;
&lt;div class=&quot;newddl-button blue secondary no-float no-icon min-width accept-button add_to_basket&quot; onclick=&quot;addToBasket(this)&quot; data-template=&quot;/akciove-ponuky/nakupny-zoznam&quot; data-prod_id=&quot;{{ product[&#039;id&#039;] }}&quot;&gt;
&lt;span class=&quot;link-label&quot;&gt;Pridať do zoznamu&lt;/span&gt;
&lt;/div&gt;
&lt;div class=&quot;cancel-link&quot;&gt;
&lt;a href=&quot;#cancel&quot; title=&quot;Zrušiť&quot; tabindex=&quot;0&quot;&gt;Zrušiť&lt;/a&gt;
&lt;/div&gt;
&lt;/div&gt;
&lt;/div&gt;
&lt;div class=&quot;added-item&quot; style=&quot;&quot;&gt;
&lt;p class=&quot;t2 nddl&quot;&gt;Pridané do &lt;a href=&quot;/akciove-ponuky/nakupny-zoznam&quot; title=&quot;zoznamu&quot; target=&quot;_blank&quot; tabindex=&quot;0&quot;&gt;zoznamu&lt;/a&gt;&lt;/p&gt;
&lt;/div&gt;
&lt;/div&gt;
&lt;/div&gt;

{% if product[&#039;data&#039;][&#039;loyality&#039;] and product[&#039;data&#039;][&#039;loyality&#039;][&#039;name&#039;] == &#039;minion&#039; and product[&#039;data&#039;][&#039;loyality&#039;][&#039;sticker-count&#039;] %}
&lt;div class=&quot;minions-sticker&quot;&gt;
&lt;img
src=&quot;/imgglobal/tescoce/ddl/product/sticker/minions/sk/smaller/{{ product[&#039;data&#039;][&#039;loyality&#039;][&#039;sticker-count&#039;] }}.png&quot;
alt=&quot;minion-sticker-{{ product[&#039;data&#039;][&#039;loyality&#039;][&#039;sticker-count&#039;] }}&quot;
/&gt;
&lt;/div&gt;
{% endif %}
&lt;/div&gt;
{% endif %}
</div>
<div class="a-productListing__productsGrid__element">
<div class="ddl-product-lol  xEqHeights soon-expire"
title="Absolut vodka 100 50%">
<div class="status-bar cf">
<div class="hovershowtooltip">
<div class="inner">
Ponuka je platná do 31.12.2022.
</div>
<div class="arrow-container">
<div class="arrow-down"></div>
<div class="arrow-down-fg"></div>
</div>
</div>
<a href="https://potravinydomov.itesco.sk/groceries/sk-SK/products/2002020305314"
class="newddl-button left transparent ghs-link"
tabindex="0" target="_blank">
<i class="icon">
<svg xmlns="http://www.w3.org/2000/svg"
xmlns:xlink="http://www.w3.org/1999/xlink"
style="width: 20px !important" height="13" viewBox="0 0 23 13">
<defs>
<path id="clxfa"
d="M33.33 21.44c.44.1.67.38.67.8v3.1c0 .47-.38.84-.84.84h-.9a2.2 2.2 0 0 1-2.18 1.8 2.2 2.2 0 0 1-2.17-1.8h-7.9a2.22 2.22 0 0 1-2.2 1.82c-1.1 0-2-.79-2.19-1.82h-1.66c-.97 0-1.15-.92-1.25-1.41l-1.04-4.25-.41-.27a.3.3 0 0 1-.14-.23L11 18.73c0-.84.66-1.5 1.48-1.5h2.3l-.14.15a.46.46 0 0 0 0 .66.47.47 0 0 0 .66 0l.8-.8h.01l2.11-2.1c.14-.14.41-.19.58-.09.15.09.24.24.24.4 0 .13-.05.24-.14.33l-1.47 1.46h4.39l-1.47-1.46a.46.46 0 0 1 .1-.73c.17-.1.43-.05.57.1L24 18.08c.08.06.18.1.28.1.17 0 .32-.09.4-.24.1-.17.05-.43-.09-.57l-.14-.14h2.31c.77 0 1.39.57 1.47 1.3h1.75c.22 0 .8 0 1.03.71l.8 1.94zM28.7 25.8c0 .75.62 1.36 1.37 1.36.86 0 1.54-.77 1.35-1.65-.1-.52-.53-.93-1.05-1.04a1.38 1.38 0 0 0-1.67 1.33zm-2.17-1c-.05.23-.12.44-.22.63h1.6a2.2 2.2 0 0 1 2.16-1.81c1.09 0 2 .76 2.18 1.8h.9c.04 0 .07-.03.07-.06v-3.11-.04l-.06-.01-1.7-.28a.39.39 0 0 1-.3-.23l-.9-2.2c-.05-.16-.08-.17-.29-.17h-1.77-.02l-.06.71a.3.3 0 0 1-.14.23l-.41.27zm-8.25-4.07a.42.42 0 0 0-.42.43l.29 2.69a.42.42 0 1 0 .83-.02l-.28-2.69a.42.42 0 0 0-.42-.4zm-3 3.15c.02.21.2.38.41.38h.04a.42.42 0 0 0 .38-.46l-.43-2.69a.41.41 0 0 0-.45-.38.42.42 0 0 0-.38.46zm2.53 3.27c.61 0 1.13-.4 1.3-.96h-2.6c.16.56.68.96 1.3.96zm4.11-6a.42.42 0 0 0-.41-.42.41.41 0 0 0-.42.4l-.28 2.72c0 .22.18.4.41.4.23 0 .42-.18.42-.39zm2.17 3.1c.22 0 .4-.16.42-.36l.43-2.71a.41.41 0 0 0-.38-.45.42.42 0 0 0-.45.37l-.43 2.71c-.01.11.02.22.1.3.07.09.17.14.28.15z"></path>
</defs>
<g>
<g clip-path="url(#clip-72B53A8F-48D2-421E-9EC9-9A8CE7DC52A1)"
transform="translate(-11 -15)">
<use fill="#00549e" stroke="none" xlink:href="#clxfa"></use>
</g>
</g>
</svg>
</i>
<div class="ddl_link_inline address shoponline"
style="display: inline-block; vertical-align: middle;">
<span class="link">
<span class="label_wrapper">
<span class="label">
Kúpiť teraz                                                    </span>
</span>
</span>
</div>
</a>
<div class="promo-countdown -lessThan48">

<i class="icon -lessThan48">
<svg xmlns="http://www.w3.org/2000/svg"
xmlns:xlink="http://www.w3.org/1999/xlink" width="22"
height="22" viewBox="0 0 22 22">
<defs>
<path id="ywjka"
d="M216.5 21a9.5 9.5 0 1 1-19 0 9.5 9.5 0 0 1 19 0z"/>
<path id="ywjkb" d="M207 14.5v7h-5"/>
</defs>
<g>
<g transform="translate(-196 -10)">
<use fill="#fff" fill-opacity="0" stroke="#fff"
stroke-miterlimit="50"
stroke-width="1.2" xlink:href="#ywjka"/>
</g>
<g transform="translate(-196 -10)">
<use fill="#fff" fill-opacity="0" stroke="#fff"
stroke-miterlimit="50"
stroke-width="1.2" xlink:href="#ywjkb"/>
</g>
</g>
</svg>
</i>

<i class="icon normal">
<svg xmlns="http://www.w3.org/2000/svg"
xmlns:xlink="http://www.w3.org/1999/xlink" width="22"
height="22" viewBox="0 0 22 22">
<defs>
<path id="ywjka"
d="M216.5 21a9.5 9.5 0 1 1-19 0 9.5 9.5 0 0 1 19 0z"/>
<path id="ywjkb" d="M207 14.5v7h-5"/>
</defs>
<g>
<g transform="translate(-196 -10)">
<use fill="#00539F" fill-opacity="0" stroke="#00539F"
stroke-miterlimit="50"
stroke-width="1.2" xlink:href="#ywjka"/>
</g>
<g transform="translate(-196 -10)">
<use fill="#00539F" fill-opacity="0" stroke="#00539F"
stroke-miterlimit="50"
stroke-width="1.2" xlink:href="#ywjkb"/>
</g>
</g>
</svg>
</i>

<div class="promo-countdown-wrapper">
<p>Zľava končí</p>
<b data-countdown="2023/01/01 0:00:00"
data-count-down-dur-locale="&quot;{\&quot;S\&quot;:\&quot;m\&quot;,\&quot;SS\&quot;:\&quot;m\&quot;,\&quot;s\&quot;:\&quot;d\&quot;,\&quot;ss\&quot;:\&quot;s\&quot;,\&quot;m\&quot;:\&quot;m\&quot;,\&quot;mm\&quot;:\&quot;m\&quot;,\&quot;h\&quot;:\&quot;h\&quot;,\&quot;hh\&quot;:\&quot;h\&quot;,\&quot;d\&quot;:\&quot;d\&quot;,\&quot;dd\&quot;:\&quot;d\&quot;,\&quot;w\&quot;:\&quot;t\&quot;,\&quot;ww\&quot;:\&quot;t\&quot;,\&quot;M\&quot;:\&quot;m\&quot;,\&quot;MM\&quot;:\&quot;m\&quot;,\&quot;y\&quot;:\&quot;r\&quot;,\&quot;yy\&quot;:\&quot;l\&quot;}&quot;"></b>
</div>
</div>
</div>
<a href="/akciove-ponuky/akciove-produkty/produkt/napoje/liehoviny-a-likery/absolut-vodka-100-50/"
class="details-box" tabindex="0">
<div class="product__inner cc-tier2-higher-than-10-prod-blue-border">

<div class="product__info-wrapper">
<span class="product__name">Absolut vodka 100 50%</span>
<div class="product__secondary-text">
<div>
0,7 l                            </div>
<span>Pôvodná cena:</span>
<span class="product__price-text">16,99
(1 l=24,27 €)                </span>
<div class="product__price-cc-text">
<span>s Clubcard:</span>
</div>
<span class="product__price-cc-text">13,59</span>
(1 l=19,41 €)        </div>
<div class="product__discount-percentage">
<div class="product__discount-normal-price">
16,99
</div>
<div class="discount-percentage__text">
<span>
-20
<span class="discount__percentage-sign">%</span>
</span>
</div>
</div>
<div class="product__price-wrapper-outer-box">
<div class="product__price-wrapper">
<div class="product__price ">
<span class="price__left-part">
13,59
</span>
</div>
<div class="product__cc-price-text">
Clubcard ceny
</div>
</div>
</div>
</div>
<div class="product__img-wrapper">
<div class="product__img-holder">
<img data-src="/img/opt/tescoce_sk/products/2022-12-14/png/absolut-vodka-100-2002020305314-1-5k.png" src="/img/lq/tescoce_sk/products/2022-12-14/png/absolut-vodka-100-2002020305314-1-5k.png" alt="Absolut vodka 100 50%"//><noscript><img src="/img/opt/tescoce_sk/products/2022-12-14/png/absolut-vodka-100-2002020305314-1-5k.png" alt="Absolut vodka 100 50%"//></noscript>
</div>
<img
class="country-flag"
src=""
alt=""
/>
</div>
</div>                                                            </a>
<div class="shopping-list-parts">
<div class="add-button">
<i class="icon">
<svg viewBox="0 0 24 24" width="100%" height="100%">
<line x1="3" y1="12" x2="21" y2="12"></line>
<line x1="12" y1="3" x2="12" y2="21"></line>
</svg>
</i>
<div class="add-text ddl_link_inline address addtoshoppinglist">
<div>
<span class="label_wrapper">
<span class="label">Pridať do zoznamu</span>
</span>
</div>
</div>
<span class="added-text">Pridané do <a
href="/akciove-ponuky/nakupny-zoznam/"
title="zoznamu"
target="_blank">zoznamu</a></span>
</div>
<div class="add-item">
<div class="add-item__inner">
<div class="newddl-text-field newddl-quantity qty_div">
<div class="newddl-button blue icon-bg standalone search-icon no-float less-button disabled">
<i class="icon">
<svg viewBox="0 0 24 8" width="100%" height="100%">
<line x1="3" y1="4" x2="21" y2="4"></line>
</svg>
</i>
</div>
<input type="text" class="newddl-quantity-input qty" value="1" min="1"
tabindex="0">
<div class="newddl-button blue icon-bg standalone search-icon no-float more-button">
<i class="icon">
<svg viewBox="0 0 24 24" width="100%" height="100%">
<line x1="3" y1="12" x2="21" y2="12"></line>
<line x1="12" y1="3" x2="12" y2="21"></line>
</svg>
</i>
</div>
</div>
<div class="newddl-button blue secondary no-float no-icon min-width accept-button add_to_basket"
onclick="addToBasket(this)"
data-template="/akciove-ponuky/nakupny-zoznam"
data-prod_id="1211402">
<span class="link-label">
Pridať do zoznamu                                              </span>
</div>
<div class="cancel-link"><a href="#cancel"
title="Zrušiť"
tabindex="0">Zrušiť</a>
</div>
</div>
</div>
<div class="added-item" style="">
<p class="t2 nddl">Pridané do <a
href="/akciove-ponuky/nakupny-zoznam/"
title="zoznamu"
target="_blank"
tabindex="0">zoznamu</a>
</p>
<a href="/akciove-ponuky/nakupny-zoznam/"
class="newddl-button blue secondary no-float no-icon min-width edit-button"
title="Upraviť zoznam" target="_blank"
tabindex="0">
<span class="link-label">Upraviť zoznam</span>
</a>
</div>
</div>
</div>

</div>
<div class="a-productListing__productsGrid__element">
<div class="ddl-product-lol  xEqHeights soon-expire"
title="Absolut vodka Spirit 40%">
<div class="status-bar cf">
<div class="hovershowtooltip">
<div class="inner">
Ponuka je platná do 31.12.2022.
</div>
<div class="arrow-container">
<div class="arrow-down"></div>
<div class="arrow-down-fg"></div>
</div>
</div>
<a href="https://potravinydomov.itesco.sk/groceries/sk-SK/products/2002020339640"
class="newddl-button left transparent ghs-link"
tabindex="0" target="_blank">
<i class="icon">
<svg xmlns="http://www.w3.org/2000/svg"
xmlns:xlink="http://www.w3.org/1999/xlink"
style="width: 20px !important" height="13" viewBox="0 0 23 13">
<defs>
<path id="clxfa"
d="M33.33 21.44c.44.1.67.38.67.8v3.1c0 .47-.38.84-.84.84h-.9a2.2 2.2 0 0 1-2.18 1.8 2.2 2.2 0 0 1-2.17-1.8h-7.9a2.22 2.22 0 0 1-2.2 1.82c-1.1 0-2-.79-2.19-1.82h-1.66c-.97 0-1.15-.92-1.25-1.41l-1.04-4.25-.41-.27a.3.3 0 0 1-.14-.23L11 18.73c0-.84.66-1.5 1.48-1.5h2.3l-.14.15a.46.46 0 0 0 0 .66.47.47 0 0 0 .66 0l.8-.8h.01l2.11-2.1c.14-.14.41-.19.58-.09.15.09.24.24.24.4 0 .13-.05.24-.14.33l-1.47 1.46h4.39l-1.47-1.46a.46.46 0 0 1 .1-.73c.17-.1.43-.05.57.1L24 18.08c.08.06.18.1.28.1.17 0 .32-.09.4-.24.1-.17.05-.43-.09-.57l-.14-.14h2.31c.77 0 1.39.57 1.47 1.3h1.75c.22 0 .8 0 1.03.71l.8 1.94zM28.7 25.8c0 .75.62 1.36 1.37 1.36.86 0 1.54-.77 1.35-1.65-.1-.52-.53-.93-1.05-1.04a1.38 1.38 0 0 0-1.67 1.33zm-2.17-1c-.05.23-.12.44-.22.63h1.6a2.2 2.2 0 0 1 2.16-1.81c1.09 0 2 .76 2.18 1.8h.9c.04 0 .07-.03.07-.06v-3.11-.04l-.06-.01-1.7-.28a.39.39 0 0 1-.3-.23l-.9-2.2c-.05-.16-.08-.17-.29-.17h-1.77-.02l-.06.71a.3.3 0 0 1-.14.23l-.41.27zm-8.25-4.07a.42.42 0 0 0-.42.43l.29 2.69a.42.42 0 1 0 .83-.02l-.28-2.69a.42.42 0 0 0-.42-.4zm-3 3.15c.02.21.2.38.41.38h.04a.42.42 0 0 0 .38-.46l-.43-2.69a.41.41 0 0 0-.45-.38.42.42 0 0 0-.38.46zm2.53 3.27c.61 0 1.13-.4 1.3-.96h-2.6c.16.56.68.96 1.3.96zm4.11-6a.42.42 0 0 0-.41-.42.41.41 0 0 0-.42.4l-.28 2.72c0 .22.18.4.41.4.23 0 .42-.18.42-.39zm2.17 3.1c.22 0 .4-.16.42-.36l.43-2.71a.41.41 0 0 0-.38-.45.42.42 0 0 0-.45.37l-.43 2.71c-.01.11.02.22.1.3.07.09.17.14.28.15z"></path>
</defs>
<g>
<g clip-path="url(#clip-72B53A8F-48D2-421E-9EC9-9A8CE7DC52A1)"
transform="translate(-11 -15)">
<use fill="#00549e" stroke="none" xlink:href="#clxfa"></use>
</g>
</g>
</svg>
</i>
<div class="ddl_link_inline address shoponline"
style="display: inline-block; vertical-align: middle;">
<span class="link">
<span class="label_wrapper">
<span class="label">
Kúpiť teraz                                                    </span>
</span>
</span>
</div>
</a>
<div class="promo-countdown -lessThan48">

<i class="icon -lessThan48">
<svg xmlns="http://www.w3.org/2000/svg"
xmlns:xlink="http://www.w3.org/1999/xlink" width="22"
height="22" viewBox="0 0 22 22">
<defs>
<path id="ywjka"
d="M216.5 21a9.5 9.5 0 1 1-19 0 9.5 9.5 0 0 1 19 0z"/>
<path id="ywjkb" d="M207 14.5v7h-5"/>
</defs>
<g>
<g transform="translate(-196 -10)">
<use fill="#fff" fill-opacity="0" stroke="#fff"
stroke-miterlimit="50"
stroke-width="1.2" xlink:href="#ywjka"/>
</g>
<g transform="translate(-196 -10)">
<use fill="#fff" fill-opacity="0" stroke="#fff"
stroke-miterlimit="50"
stroke-width="1.2" xlink:href="#ywjkb"/>
</g>
</g>
</svg>
</i>

<i class="icon normal">
<svg xmlns="http://www.w3.org/2000/svg"
xmlns:xlink="http://www.w3.org/1999/xlink" width="22"
height="22" viewBox="0 0 22 22">
<defs>
<path id="ywjka"
d="M216.5 21a9.5 9.5 0 1 1-19 0 9.5 9.5 0 0 1 19 0z"/>
<path id="ywjkb" d="M207 14.5v7h-5"/>
</defs>
<g>
<g transform="translate(-196 -10)">
<use fill="#00539F" fill-opacity="0" stroke="#00539F"
stroke-miterlimit="50"
stroke-width="1.2" xlink:href="#ywjka"/>
</g>
<g transform="translate(-196 -10)">
<use fill="#00539F" fill-opacity="0" stroke="#00539F"
stroke-miterlimit="50"
stroke-width="1.2" xlink:href="#ywjkb"/>
</g>
</g>
</svg>
</i>

<div class="promo-countdown-wrapper">
<p>Zľava končí</p>
<b data-countdown="2023/01/01 0:00:00"
data-count-down-dur-locale="&quot;{\&quot;S\&quot;:\&quot;m\&quot;,\&quot;SS\&quot;:\&quot;m\&quot;,\&quot;s\&quot;:\&quot;d\&quot;,\&quot;ss\&quot;:\&quot;s\&quot;,\&quot;m\&quot;:\&quot;m\&quot;,\&quot;mm\&quot;:\&quot;m\&quot;,\&quot;h\&quot;:\&quot;h\&quot;,\&quot;hh\&quot;:\&quot;h\&quot;,\&quot;d\&quot;:\&quot;d\&quot;,\&quot;dd\&quot;:\&quot;d\&quot;,\&quot;w\&quot;:\&quot;t\&quot;,\&quot;ww\&quot;:\&quot;t\&quot;,\&quot;M\&quot;:\&quot;m\&quot;,\&quot;MM\&quot;:\&quot;m\&quot;,\&quot;y\&quot;:\&quot;r\&quot;,\&quot;yy\&quot;:\&quot;l\&quot;}&quot;"></b>
</div>
</div>
</div>
<a href="/akciove-ponuky/akciove-produkty/produkt/napoje/liehoviny-a-likery/absolut-vodka-spirit-40/"
class="details-box" tabindex="0">
<div class="product__inner cc-tier2-higher-than-10-prod-blue-border">

<div class="product__info-wrapper">
<span class="product__name">Absolut vodka Spirit 40%</span>
<div class="product__secondary-text">
<div>
0,7 l                            </div>
<span>Pôvodná cena:</span>
<span class="product__price-text">16,99
(1 l=24,27 €)                </span>
<div class="product__price-cc-text">
<span>s Clubcard:</span>
</div>
<span class="product__price-cc-text">13,59</span>
(1 l=19,41 €)        </div>
<div class="product__discount-percentage">
<div class="product__discount-normal-price">
16,99
</div>
<div class="discount-percentage__text">
<span>
-20
<span class="discount__percentage-sign">%</span>
</span>
</div>
</div>
<div class="product__price-wrapper-outer-box">
<div class="product__price-wrapper">
<div class="product__price ">
<span class="price__left-part">
13,59
</span>
</div>
<div class="product__cc-price-text">
Clubcard ceny
</div>
</div>
</div>
</div>
<div class="product__img-wrapper">
<div class="product__img-holder">
<img data-src="/img/opt/tescoce_sk/products/2022-11-23/png/absolut-vodka-spirit-2002020339640-1-5k.png" src="/img/lq/tescoce_sk/products/2022-11-23/png/absolut-vodka-spirit-2002020339640-1-5k.png" alt="Absolut vodka Spirit 40%"//><noscript><img src="/img/opt/tescoce_sk/products/2022-11-23/png/absolut-vodka-spirit-2002020339640-1-5k.png" alt="Absolut vodka Spirit 40%"//></noscript>
</div>
<img
class="country-flag"
src=""
alt=""
/>
</div>
</div>                                                            </a>
<div class="shopping-list-parts">
<div class="add-button">
<i class="icon">
<svg viewBox="0 0 24 24" width="100%" height="100%">
<line x1="3" y1="12" x2="21" y2="12"></line>
<line x1="12" y1="3" x2="12" y2="21"></line>
</svg>
</i>
<div class="add-text ddl_link_inline address addtoshoppinglist">
<div>
<span class="label_wrapper">
<span class="label">Pridať do zoznamu</span>
</span>
</div>
</div>
<span class="added-text">Pridané do <a
href="/akciove-ponuky/nakupny-zoznam/"
title="zoznamu"
target="_blank">zoznamu</a></span>
</div>
<div class="add-item">
<div class="add-item__inner">
<div class="newddl-text-field newddl-quantity qty_div">
<div class="newddl-button blue icon-bg standalone search-icon no-float less-button disabled">
<i class="icon">
<svg viewBox="0 0 24 8" width="100%" height="100%">
<line x1="3" y1="4" x2="21" y2="4"></line>
</svg>
</i>
</div>
<input type="text" class="newddl-quantity-input qty" value="1" min="1"
tabindex="0">
<div class="newddl-button blue icon-bg standalone search-icon no-float more-button">
<i class="icon">
<svg viewBox="0 0 24 24" width="100%" height="100%">
<line x1="3" y1="12" x2="21" y2="12"></line>
<line x1="12" y1="3" x2="12" y2="21"></line>
</svg>
</i>
</div>
</div>
<div class="newddl-button blue secondary no-float no-icon min-width accept-button add_to_basket"
onclick="addToBasket(this)"
data-template="/akciove-ponuky/nakupny-zoznam"
data-prod_id="1191922">
<span class="link-label">
Pridať do zoznamu                                              </span>
</div>
<div class="cancel-link"><a href="#cancel"
title="Zrušiť"
tabindex="0">Zrušiť</a>
</div>
</div>
</div>
<div class="added-item" style="">
<p class="t2 nddl">Pridané do <a
href="/akciove-ponuky/nakupny-zoznam/"
title="zoznamu"
target="_blank"
tabindex="0">zoznamu</a>
</p>
<a href="/akciove-ponuky/nakupny-zoznam/"
class="newddl-button blue secondary no-float no-icon min-width edit-button"
title="Upraviť zoznam" target="_blank"
tabindex="0">
<span class="link-label">Upraviť zoznam</span>
</a>
</div>
</div>
</div>

</div>
<div class="a-productListing__productsGrid__element">
<div class="ddl-product-lol  xEqHeights soon-expire"
title="Alkohol Killer">
<div class="status-bar cf">
<div class="promo-countdown">

<i class="icon -lessThan48">
<svg xmlns="http://www.w3.org/2000/svg"
xmlns:xlink="http://www.w3.org/1999/xlink" width="22"
height="22" viewBox="0 0 22 22">
<defs>
<path id="ywjka"
d="M216.5 21a9.5 9.5 0 1 1-19 0 9.5 9.5 0 0 1 19 0z"/>
<path id="ywjkb" d="M207 14.5v7h-5"/>
</defs>
<g>
<g transform="translate(-196 -10)">
<use fill="#fff" fill-opacity="0" stroke="#fff"
stroke-miterlimit="50"
stroke-width="1.2" xlink:href="#ywjka"/>
</g>
<g transform="translate(-196 -10)">
<use fill="#fff" fill-opacity="0" stroke="#fff"
stroke-miterlimit="50"
stroke-width="1.2" xlink:href="#ywjkb"/>
</g>
</g>
</svg>
</i>

<i class="icon normal">
<svg xmlns="http://www.w3.org/2000/svg"
xmlns:xlink="http://www.w3.org/1999/xlink" width="22"
height="22" viewBox="0 0 22 22">
<defs>
<path id="ywjka"
d="M216.5 21a9.5 9.5 0 1 1-19 0 9.5 9.5 0 0 1 19 0z"/>
<path id="ywjkb" d="M207 14.5v7h-5"/>
</defs>
<g>
<g transform="translate(-196 -10)">
<use fill="#00539F" fill-opacity="0" stroke="#00539F"
stroke-miterlimit="50"
stroke-width="1.2" xlink:href="#ywjka"/>
</g>
<g transform="translate(-196 -10)">
<use fill="#00539F" fill-opacity="0" stroke="#00539F"
stroke-miterlimit="50"
stroke-width="1.2" xlink:href="#ywjkb"/>
</g>
</g>
</svg>
</i>

<div class="promo-countdown-wrapper">
<p>Zľava končí</p>
<b data-countdown="2023/01/04 0:00:00"
data-count-down-dur-locale="&quot;{\&quot;S\&quot;:\&quot;m\&quot;,\&quot;SS\&quot;:\&quot;m\&quot;,\&quot;s\&quot;:\&quot;d\&quot;,\&quot;ss\&quot;:\&quot;s\&quot;,\&quot;m\&quot;:\&quot;m\&quot;,\&quot;mm\&quot;:\&quot;m\&quot;,\&quot;h\&quot;:\&quot;h\&quot;,\&quot;hh\&quot;:\&quot;h\&quot;,\&quot;d\&quot;:\&quot;d\&quot;,\&quot;dd\&quot;:\&quot;d\&quot;,\&quot;w\&quot;:\&quot;t\&quot;,\&quot;ww\&quot;:\&quot;t\&quot;,\&quot;M\&quot;:\&quot;m\&quot;,\&quot;MM\&quot;:\&quot;m\&quot;,\&quot;y\&quot;:\&quot;r\&quot;,\&quot;yy\&quot;:\&quot;l\&quot;}&quot;"></b>
</div>
</div>
</div>
<a href="/akciove-ponuky/akciove-produkty/produkt/napoje/nealkoholicke-napoje/alkohol-killer/"
class="details-box" tabindex="0">
<div class="product__inner cc-tier2-higher-than-10-prod-blue-border">

<div class="product__info-wrapper">
<span class="product__name">Alkohol Killer</span>
<div class="product__secondary-text">
<div>
250 ml. 
Záloha za vratný 
obal 0,15                            </div>
<span>Pôvodná cena:</span>
<span class="product__price-text">1,99
(1 l=7,96 €)                </span>
<div class="product__price-cc-text">
<span>s Clubcard:</span>
</div>
<span class="product__price-cc-text">1,39</span>
(1 l=5,56 €)        </div>
<div class="product__discount-percentage">
<div class="product__discount-normal-price">
1,99
</div>
<div class="discount-percentage__text">
<span>
-30
<span class="discount__percentage-sign">%</span>
</span>
</div>
</div>
<div class="product__price-wrapper-outer-box">
<div class="product__price-wrapper">
<div class="product__price ">
<span class="price__left-part">
1,39
</span>
</div>
<div class="product__cc-price-text">
Clubcard ceny
</div>
</div>
</div>
</div>
<div class="product__img-wrapper">
<div class="product__img-holder">
<img data-src="/img/opt/tescoce_sk/products/2022-12-28/png/alkohol-killer-2002121562233-1-5k.png" src="/img/lq/tescoce_sk/products/2022-12-28/png/alkohol-killer-2002121562233-1-5k.png" alt="Alkohol Killer"//><noscript><img src="/img/opt/tescoce_sk/products/2022-12-28/png/alkohol-killer-2002121562233-1-5k.png" alt="Alkohol Killer"//></noscript>
</div>
<img
class="country-flag"
src=""
alt=""
/>
</div>
</div>                                                            </a>
<div class="shopping-list-parts">
<div class="add-button">
<i class="icon">
<svg viewBox="0 0 24 24" width="100%" height="100%">
<line x1="3" y1="12" x2="21" y2="12"></line>
<line x1="12" y1="3" x2="12" y2="21"></line>
</svg>
</i>
<div class="add-text ddl_link_inline address addtoshoppinglist">
<div>
<span class="label_wrapper">
<span class="label">Pridať do zoznamu</span>
</span>
</div>
</div>
<span class="added-text">Pridané do <a
href="/akciove-ponuky/nakupny-zoznam/"
title="zoznamu"
target="_blank">zoznamu</a></span>
</div>
<div class="add-item">
<div class="add-item__inner">
<div class="newddl-text-field newddl-quantity qty_div">
<div class="newddl-button blue icon-bg standalone search-icon no-float less-button disabled">
<i class="icon">
<svg viewBox="0 0 24 8" width="100%" height="100%">
<line x1="3" y1="4" x2="21" y2="4"></line>
</svg>
</i>
</div>
<input type="text" class="newddl-quantity-input qty" value="1" min="1"
tabindex="0">
<div class="newddl-button blue icon-bg standalone search-icon no-float more-button">
<i class="icon">
<svg viewBox="0 0 24 24" width="100%" height="100%">
<line x1="3" y1="12" x2="21" y2="12"></line>
<line x1="12" y1="3" x2="12" y2="21"></line>
</svg>
</i>
</div>
</div>
<div class="newddl-button blue secondary no-float no-icon min-width accept-button add_to_basket"
onclick="addToBasket(this)"
data-template="/akciove-ponuky/nakupny-zoznam"
data-prod_id="1216622">
<span class="link-label">
Pridať do zoznamu                                              </span>
</div>
<div class="cancel-link"><a href="#cancel"
title="Zrušiť"
tabindex="0">Zrušiť</a>
</div>
</div>
</div>
<div class="added-item" style="">
<p class="t2 nddl">Pridané do <a
href="/akciove-ponuky/nakupny-zoznam/"
title="zoznamu"
target="_blank"
tabindex="0">zoznamu</a>
</p>
<a href="/akciove-ponuky/nakupny-zoznam/"
class="newddl-button blue secondary no-float no-icon min-width edit-button"
title="Upraviť zoznam" target="_blank"
tabindex="0">
<span class="link-label">Upraviť zoznam</span>
</a>
</div>
</div>
</div>

</div>
<div class="a-productListing__productsGrid__element">
<div class="ddl-product-lol  xEqHeights soon-expire"
title="Aperol 11%">
<div class="status-bar cf">
<div class="promo-countdown">

<i class="icon -lessThan48">
<svg xmlns="http://www.w3.org/2000/svg"
xmlns:xlink="http://www.w3.org/1999/xlink" width="22"
height="22" viewBox="0 0 22 22">
<defs>
<path id="ywjka"
d="M216.5 21a9.5 9.5 0 1 1-19 0 9.5 9.5 0 0 1 19 0z"/>
<path id="ywjkb" d="M207 14.5v7h-5"/>
</defs>
<g>
<g transform="translate(-196 -10)">
<use fill="#fff" fill-opacity="0" stroke="#fff"
stroke-miterlimit="50"
stroke-width="1.2" xlink:href="#ywjka"/>
</g>
<g transform="translate(-196 -10)">
<use fill="#fff" fill-opacity="0" stroke="#fff"
stroke-miterlimit="50"
stroke-width="1.2" xlink:href="#ywjkb"/>
</g>
</g>
</svg>
</i>

<i class="icon normal">
<svg xmlns="http://www.w3.org/2000/svg"
xmlns:xlink="http://www.w3.org/1999/xlink" width="22"
height="22" viewBox="0 0 22 22">
<defs>
<path id="ywjka"
d="M216.5 21a9.5 9.5 0 1 1-19 0 9.5 9.5 0 0 1 19 0z"/>
<path id="ywjkb" d="M207 14.5v7h-5"/>
</defs>
<g>
<g transform="translate(-196 -10)">
<use fill="#00539F" fill-opacity="0" stroke="#00539F"
stroke-miterlimit="50"
stroke-width="1.2" xlink:href="#ywjka"/>
</g>
<g transform="translate(-196 -10)">
<use fill="#00539F" fill-opacity="0" stroke="#00539F"
stroke-miterlimit="50"
stroke-width="1.2" xlink:href="#ywjkb"/>
</g>
</g>
</svg>
</i>

<div class="promo-countdown-wrapper">
<p>Zľava končí</p>
<b data-countdown="2023/01/04 0:00:00"
data-count-down-dur-locale="&quot;{\&quot;S\&quot;:\&quot;m\&quot;,\&quot;SS\&quot;:\&quot;m\&quot;,\&quot;s\&quot;:\&quot;d\&quot;,\&quot;ss\&quot;:\&quot;s\&quot;,\&quot;m\&quot;:\&quot;m\&quot;,\&quot;mm\&quot;:\&quot;m\&quot;,\&quot;h\&quot;:\&quot;h\&quot;,\&quot;hh\&quot;:\&quot;h\&quot;,\&quot;d\&quot;:\&quot;d\&quot;,\&quot;dd\&quot;:\&quot;d\&quot;,\&quot;w\&quot;:\&quot;t\&quot;,\&quot;ww\&quot;:\&quot;t\&quot;,\&quot;M\&quot;:\&quot;m\&quot;,\&quot;MM\&quot;:\&quot;m\&quot;,\&quot;y\&quot;:\&quot;r\&quot;,\&quot;yy\&quot;:\&quot;l\&quot;}&quot;"></b>
</div>
</div>
</div>
<a href="/akciove-ponuky/akciove-produkty/produkt/napoje/liehoviny-a-likery/aperol-11/"
class="details-box" tabindex="0">
<div class="product__inner cc-tier2-higher-than-10-prod-blue-border">

<div class="product__info-wrapper">
<span class="product__name">Aperol 11%</span>
<div class="product__secondary-text">
<div>
0,7 l                            </div>
<span>Pôvodná cena:</span>
<span class="product__price-text">13,49
(1 l=19,27 €)                </span>
<div class="product__price-cc-text">
<span>s Clubcard:</span>
</div>
<span class="product__price-cc-text">9,99</span>
(1 l=14,27 €)        </div>
<div class="product__discount-percentage">
<div class="product__discount-normal-price">
13,49
</div>
<div class="discount-percentage__text">
<span>
-25
<span class="discount__percentage-sign">%</span>
</span>
</div>
</div>
<div class="product__price-wrapper-outer-box">
<div class="product__price-wrapper">
<div class="product__price ">
<span class="price__left-part">
9,99
</span>
</div>
<div class="product__cc-price-text">
Clubcard ceny
</div>
</div>
</div>
</div>
<div class="product__img-wrapper">
<div class="product__img-holder">
<img data-src="/img/opt/tescoce_sk/products/2022-12-28/png/aperol-2002120205578-1-5k.png" src="/img/lq/tescoce_sk/products/2022-12-28/png/aperol-2002120205578-1-5k.png" alt="Aperol 11%"//><noscript><img src="/img/opt/tescoce_sk/products/2022-12-28/png/aperol-2002120205578-1-5k.png" alt="Aperol 11%"//></noscript>
</div>
<img
class="country-flag"
src=""
alt=""
/>
</div>
</div>                                                            </a>
<div class="shopping-list-parts">
<div class="add-button">
<i class="icon">
<svg viewBox="0 0 24 24" width="100%" height="100%">
<line x1="3" y1="12" x2="21" y2="12"></line>
<line x1="12" y1="3" x2="12" y2="21"></line>
</svg>
</i>
<div class="add-text ddl_link_inline address addtoshoppinglist">
<div>
<span class="label_wrapper">
<span class="label">Pridať do zoznamu</span>
</span>
</div>
</div>
<span class="added-text">Pridané do <a
href="/akciove-ponuky/nakupny-zoznam/"
title="zoznamu"
target="_blank">zoznamu</a></span>
</div>
<div class="add-item">
<div class="add-item__inner">
<div class="newddl-text-field newddl-quantity qty_div">
<div class="newddl-button blue icon-bg standalone search-icon no-float less-button disabled">
<i class="icon">
<svg viewBox="0 0 24 8" width="100%" height="100%">
<line x1="3" y1="4" x2="21" y2="4"></line>
</svg>
</i>
</div>
<input type="text" class="newddl-quantity-input qty" value="1" min="1"
tabindex="0">
<div class="newddl-button blue icon-bg standalone search-icon no-float more-button">
<i class="icon">
<svg viewBox="0 0 24 24" width="100%" height="100%">
<line x1="3" y1="12" x2="21" y2="12"></line>
<line x1="12" y1="3" x2="12" y2="21"></line>
</svg>
</i>
</div>
</div>
<div class="newddl-button blue secondary no-float no-icon min-width accept-button add_to_basket"
onclick="addToBasket(this)"
data-template="/akciove-ponuky/nakupny-zoznam"
data-prod_id="1217092">
<span class="link-label">
Pridať do zoznamu                                              </span>
</div>
<div class="cancel-link"><a href="#cancel"
title="Zrušiť"
tabindex="0">Zrušiť</a>
</div>
</div>
</div>
<div class="added-item" style="">
<p class="t2 nddl">Pridané do <a
href="/akciove-ponuky/nakupny-zoznam/"
title="zoznamu"
target="_blank"
tabindex="0">zoznamu</a>
</p>
<a href="/akciove-ponuky/nakupny-zoznam/"
class="newddl-button blue secondary no-float no-icon min-width edit-button"
title="Upraviť zoznam" target="_blank"
tabindex="0">
<span class="link-label">Upraviť zoznam</span>
</a>
</div>
</div>
</div>

</div>
<div class="a-productListing__productsGrid__element">
<div class="ddl-product-lol  xEqHeights soon-expire"
title="Baileys 17%">
<div class="status-bar cf">
<div class="promo-countdown -lessThan48">

<i class="icon -lessThan48">
<svg xmlns="http://www.w3.org/2000/svg"
xmlns:xlink="http://www.w3.org/1999/xlink" width="22"
height="22" viewBox="0 0 22 22">
<defs>
<path id="ywjka"
d="M216.5 21a9.5 9.5 0 1 1-19 0 9.5 9.5 0 0 1 19 0z"/>
<path id="ywjkb" d="M207 14.5v7h-5"/>
</defs>
<g>
<g transform="translate(-196 -10)">
<use fill="#fff" fill-opacity="0" stroke="#fff"
stroke-miterlimit="50"
stroke-width="1.2" xlink:href="#ywjka"/>
</g>
<g transform="translate(-196 -10)">
<use fill="#fff" fill-opacity="0" stroke="#fff"
stroke-miterlimit="50"
stroke-width="1.2" xlink:href="#ywjkb"/>
</g>
</g>
</svg>
</i>

<i class="icon normal">
<svg xmlns="http://www.w3.org/2000/svg"
xmlns:xlink="http://www.w3.org/1999/xlink" width="22"
height="22" viewBox="0 0 22 22">
<defs>
<path id="ywjka"
d="M216.5 21a9.5 9.5 0 1 1-19 0 9.5 9.5 0 0 1 19 0z"/>
<path id="ywjkb" d="M207 14.5v7h-5"/>
</defs>
<g>
<g transform="translate(-196 -10)">
<use fill="#00539F" fill-opacity="0" stroke="#00539F"
stroke-miterlimit="50"
stroke-width="1.2" xlink:href="#ywjka"/>
</g>
<g transform="translate(-196 -10)">
<use fill="#00539F" fill-opacity="0" stroke="#00539F"
stroke-miterlimit="50"
stroke-width="1.2" xlink:href="#ywjkb"/>
</g>
</g>
</svg>
</i>

<div class="promo-countdown-wrapper">
<p>Zľava končí</p>
<b data-countdown="2023/01/01 0:00:00"
data-count-down-dur-locale="&quot;{\&quot;S\&quot;:\&quot;m\&quot;,\&quot;SS\&quot;:\&quot;m\&quot;,\&quot;s\&quot;:\&quot;d\&quot;,\&quot;ss\&quot;:\&quot;s\&quot;,\&quot;m\&quot;:\&quot;m\&quot;,\&quot;mm\&quot;:\&quot;m\&quot;,\&quot;h\&quot;:\&quot;h\&quot;,\&quot;hh\&quot;:\&quot;h\&quot;,\&quot;d\&quot;:\&quot;d\&quot;,\&quot;dd\&quot;:\&quot;d\&quot;,\&quot;w\&quot;:\&quot;t\&quot;,\&quot;ww\&quot;:\&quot;t\&quot;,\&quot;M\&quot;:\&quot;m\&quot;,\&quot;MM\&quot;:\&quot;m\&quot;,\&quot;y\&quot;:\&quot;r\&quot;,\&quot;yy\&quot;:\&quot;l\&quot;}&quot;"></b>
</div>
</div>
</div>
<a href="/akciove-ponuky/akciove-produkty/produkt/napoje/liehoviny-a-likery/baileys-17/"
class="details-box" tabindex="0">
<div class="product__inner cc-tier2-higher-than-10-prod-blue-border">

<div class="product__info-wrapper">
<span class="product__name">Baileys 17%</span>
<div class="product__secondary-text">
<div>
0,7 l + pohár                            </div>
<span>Pôvodná cena:</span>
<span class="product__price-text">22,99
(1 l=32,84 €)                </span>
<div class="product__price-cc-text">
<span>s Clubcard:</span>
</div>
<span class="product__price-cc-text">18,39</span>
(1 l=26,27 €)        </div>
<div class="product__discount-percentage">
<div class="product__discount-normal-price">
22,99
</div>
<div class="discount-percentage__text">
<span>
-20
<span class="discount__percentage-sign">%</span>
</span>
</div>
</div>
<div class="product__price-wrapper-outer-box">
<div class="product__price-wrapper">
<div class="product__price ">
<span class="price__left-part">
18,39
</span>
</div>
<div class="product__cc-price-text">
Clubcard ceny
</div>
</div>
</div>
</div>
<div class="product__img-wrapper">
<div class="product__img-holder">
<img data-src="/img/opt/tescoce_sk/products/2022-11-23/png/baileys-17-2002020339240-1-5k.png" src="/img/lq/tescoce_sk/products/2022-11-23/png/baileys-17-2002020339240-1-5k.png" alt="Baileys 17%"//><noscript><img src="/img/opt/tescoce_sk/products/2022-11-23/png/baileys-17-2002020339240-1-5k.png" alt="Baileys 17%"//></noscript>
</div>
<img
class="country-flag"
src=""
alt=""
/>
</div>
</div>                                                            </a>
<div class="shopping-list-parts">
<div class="add-button">
<i class="icon">
<svg viewBox="0 0 24 24" width="100%" height="100%">
<line x1="3" y1="12" x2="21" y2="12"></line>
<line x1="12" y1="3" x2="12" y2="21"></line>
</svg>
</i>
<div class="add-text ddl_link_inline address addtoshoppinglist">
<div>
<span class="label_wrapper">
<span class="label">Pridať do zoznamu</span>
</span>
</div>
</div>
<span class="added-text">Pridané do <a
href="/akciove-ponuky/nakupny-zoznam/"
title="zoznamu"
target="_blank">zoznamu</a></span>
</div>
<div class="add-item">
<div class="add-item__inner">
<div class="newddl-text-field newddl-quantity qty_div">
<div class="newddl-button blue icon-bg standalone search-icon no-float less-button disabled">
<i class="icon">
<svg viewBox="0 0 24 8" width="100%" height="100%">
<line x1="3" y1="4" x2="21" y2="4"></line>
</svg>
</i>
</div>
<input type="text" class="newddl-quantity-input qty" value="1" min="1"
tabindex="0">
<div class="newddl-button blue icon-bg standalone search-icon no-float more-button">
<i class="icon">
<svg viewBox="0 0 24 24" width="100%" height="100%">
<line x1="3" y1="12" x2="21" y2="12"></line>
<line x1="12" y1="3" x2="12" y2="21"></line>
</svg>
</i>
</div>
</div>
<div class="newddl-button blue secondary no-float no-icon min-width accept-button add_to_basket"
onclick="addToBasket(this)"
data-template="/akciove-ponuky/nakupny-zoznam"
data-prod_id="1192002">
<span class="link-label">
Pridať do zoznamu                                              </span>
</div>
<div class="cancel-link"><a href="#cancel"
title="Zrušiť"
tabindex="0">Zrušiť</a>
</div>
</div>
</div>
<div class="added-item" style="">
<p class="t2 nddl">Pridané do <a
href="/akciove-ponuky/nakupny-zoznam/"
title="zoznamu"
target="_blank"
tabindex="0">zoznamu</a>
</p>
<a href="/akciove-ponuky/nakupny-zoznam/"
class="newddl-button blue secondary no-float no-icon min-width edit-button"
title="Upraviť zoznam" target="_blank"
tabindex="0">
<span class="link-label">Upraviť zoznam</span>
</a>
</div>
</div>
</div>

</div>
<div class="a-productListing__productsGrid__element">
<div class="ddl-product-lol  xEqHeights soon-expire"
title="Baldovská minerálna voda ochutená">
<div class="status-bar cf">
<div class="hovershowtooltip">
<div class="inner">
Ponuka je platná do 03.01.2023.
</div>
<div class="arrow-container">
<div class="arrow-down"></div>
<div class="arrow-down-fg"></div>
</div>
</div>
<a href="https://potravinydomov.itesco.sk/groceries/sk-SK/products/2002121562055"
class="newddl-button left transparent ghs-link"
tabindex="0" target="_blank">
<i class="icon">
<svg xmlns="http://www.w3.org/2000/svg"
xmlns:xlink="http://www.w3.org/1999/xlink"
style="width: 20px !important" height="13" viewBox="0 0 23 13">
<defs>
<path id="clxfa"
d="M33.33 21.44c.44.1.67.38.67.8v3.1c0 .47-.38.84-.84.84h-.9a2.2 2.2 0 0 1-2.18 1.8 2.2 2.2 0 0 1-2.17-1.8h-7.9a2.22 2.22 0 0 1-2.2 1.82c-1.1 0-2-.79-2.19-1.82h-1.66c-.97 0-1.15-.92-1.25-1.41l-1.04-4.25-.41-.27a.3.3 0 0 1-.14-.23L11 18.73c0-.84.66-1.5 1.48-1.5h2.3l-.14.15a.46.46 0 0 0 0 .66.47.47 0 0 0 .66 0l.8-.8h.01l2.11-2.1c.14-.14.41-.19.58-.09.15.09.24.24.24.4 0 .13-.05.24-.14.33l-1.47 1.46h4.39l-1.47-1.46a.46.46 0 0 1 .1-.73c.17-.1.43-.05.57.1L24 18.08c.08.06.18.1.28.1.17 0 .32-.09.4-.24.1-.17.05-.43-.09-.57l-.14-.14h2.31c.77 0 1.39.57 1.47 1.3h1.75c.22 0 .8 0 1.03.71l.8 1.94zM28.7 25.8c0 .75.62 1.36 1.37 1.36.86 0 1.54-.77 1.35-1.65-.1-.52-.53-.93-1.05-1.04a1.38 1.38 0 0 0-1.67 1.33zm-2.17-1c-.05.23-.12.44-.22.63h1.6a2.2 2.2 0 0 1 2.16-1.81c1.09 0 2 .76 2.18 1.8h.9c.04 0 .07-.03.07-.06v-3.11-.04l-.06-.01-1.7-.28a.39.39 0 0 1-.3-.23l-.9-2.2c-.05-.16-.08-.17-.29-.17h-1.77-.02l-.06.71a.3.3 0 0 1-.14.23l-.41.27zm-8.25-4.07a.42.42 0 0 0-.42.43l.29 2.69a.42.42 0 1 0 .83-.02l-.28-2.69a.42.42 0 0 0-.42-.4zm-3 3.15c.02.21.2.38.41.38h.04a.42.42 0 0 0 .38-.46l-.43-2.69a.41.41 0 0 0-.45-.38.42.42 0 0 0-.38.46zm2.53 3.27c.61 0 1.13-.4 1.3-.96h-2.6c.16.56.68.96 1.3.96zm4.11-6a.42.42 0 0 0-.41-.42.41.41 0 0 0-.42.4l-.28 2.72c0 .22.18.4.41.4.23 0 .42-.18.42-.39zm2.17 3.1c.22 0 .4-.16.42-.36l.43-2.71a.41.41 0 0 0-.38-.45.42.42 0 0 0-.45.37l-.43 2.71c-.01.11.02.22.1.3.07.09.17.14.28.15z"></path>
</defs>
<g>
<g clip-path="url(#clip-72B53A8F-48D2-421E-9EC9-9A8CE7DC52A1)"
transform="translate(-11 -15)">
<use fill="#00549e" stroke="none" xlink:href="#clxfa"></use>
</g>
</g>
</svg>
</i>
<div class="ddl_link_inline address shoponline"
style="display: inline-block; vertical-align: middle;">
<span class="link">
<span class="label_wrapper">
<span class="label">
Kúpiť teraz                                                    </span>
</span>
</span>
</div>
</a>
<div class="promo-countdown">

<i class="icon -lessThan48">
<svg xmlns="http://www.w3.org/2000/svg"
xmlns:xlink="http://www.w3.org/1999/xlink" width="22"
height="22" viewBox="0 0 22 22">
<defs>
<path id="ywjka"
d="M216.5 21a9.5 9.5 0 1 1-19 0 9.5 9.5 0 0 1 19 0z"/>
<path id="ywjkb" d="M207 14.5v7h-5"/>
</defs>
<g>
<g transform="translate(-196 -10)">
<use fill="#fff" fill-opacity="0" stroke="#fff"
stroke-miterlimit="50"
stroke-width="1.2" xlink:href="#ywjka"/>
</g>
<g transform="translate(-196 -10)">
<use fill="#fff" fill-opacity="0" stroke="#fff"
stroke-miterlimit="50"
stroke-width="1.2" xlink:href="#ywjkb"/>
</g>
</g>
</svg>
</i>

<i class="icon normal">
<svg xmlns="http://www.w3.org/2000/svg"
xmlns:xlink="http://www.w3.org/1999/xlink" width="22"
height="22" viewBox="0 0 22 22">
<defs>
<path id="ywjka"
d="M216.5 21a9.5 9.5 0 1 1-19 0 9.5 9.5 0 0 1 19 0z"/>
<path id="ywjkb" d="M207 14.5v7h-5"/>
</defs>
<g>
<g transform="translate(-196 -10)">
<use fill="#00539F" fill-opacity="0" stroke="#00539F"
stroke-miterlimit="50"
stroke-width="1.2" xlink:href="#ywjka"/>
</g>
<g transform="translate(-196 -10)">
<use fill="#00539F" fill-opacity="0" stroke="#00539F"
stroke-miterlimit="50"
stroke-width="1.2" xlink:href="#ywjkb"/>
</g>
</g>
</svg>
</i>

<div class="promo-countdown-wrapper">
<p>Zľava končí</p>
<b data-countdown="2023/01/04 0:00:00"
data-count-down-dur-locale="&quot;{\&quot;S\&quot;:\&quot;m\&quot;,\&quot;SS\&quot;:\&quot;m\&quot;,\&quot;s\&quot;:\&quot;d\&quot;,\&quot;ss\&quot;:\&quot;s\&quot;,\&quot;m\&quot;:\&quot;m\&quot;,\&quot;mm\&quot;:\&quot;m\&quot;,\&quot;h\&quot;:\&quot;h\&quot;,\&quot;hh\&quot;:\&quot;h\&quot;,\&quot;d\&quot;:\&quot;d\&quot;,\&quot;dd\&quot;:\&quot;d\&quot;,\&quot;w\&quot;:\&quot;t\&quot;,\&quot;ww\&quot;:\&quot;t\&quot;,\&quot;M\&quot;:\&quot;m\&quot;,\&quot;MM\&quot;:\&quot;m\&quot;,\&quot;y\&quot;:\&quot;r\&quot;,\&quot;yy\&quot;:\&quot;l\&quot;}&quot;"></b>
</div>
</div>
</div>
<a href="/akciove-ponuky/akciove-produkty/produkt/napoje/mineralne-a-stolove-vody/baldovska-mineralna-voda-ochutena/"
class="details-box" tabindex="0">
<div class="product__inner cc-tier2-higher-than-10-prod-blue-border">

<div class="product__info-wrapper">
<span class="product__name">Baldovská minerálna voda ochutená</span>
<div class="product__secondary-text">
<div>
viac druhov, 1,5 l 
Záloha za vratný 
obal 0,15                            </div>
<span>Pôvodná cena:</span>
<span class="product__price-text">0,69
(1 l=0,46 €)                </span>
<div class="product__price-cc-text">
<span>s Clubcard:</span>
</div>
<span class="product__price-cc-text">0,49</span>
(1 l=0,33 €)        </div>
<div class="product__discount-percentage">
<div class="product__discount-normal-price">
0,69
</div>
<div class="discount-percentage__text">
<span>
-28
<span class="discount__percentage-sign">%</span>
</span>
</div>
</div>
<div class="product__price-wrapper-outer-box">
<div class="product__price-wrapper">
<div class="product__price ">
<span class="price__left-part">
0,49
</span>
</div>
<div class="product__cc-price-text">
Clubcard ceny
</div>
</div>
</div>
</div>
<div class="product__img-wrapper">
<div class="product__img-holder">
<img data-src="/img/opt/tescoce_sk/products/2022-12-28/png/baldovska-mineralna-voda-ochutena-2002121562055-1-5k.png" src="/img/lq/tescoce_sk/products/2022-12-28/png/baldovska-mineralna-voda-ochutena-2002121562055-1-5k.png" alt="Baldovská minerálna voda ochutená"//><noscript><img src="/img/opt/tescoce_sk/products/2022-12-28/png/baldovska-mineralna-voda-ochutena-2002121562055-1-5k.png" alt="Baldovská minerálna voda ochutená"//></noscript>
</div>
<img
class="country-flag"
src="/img/npc/flags/slovak.svg"
alt="szlovák zászló"
/>
</div>
</div>                                                            </a>
<div class="shopping-list-parts">
<div class="add-button">
<i class="icon">
<svg viewBox="0 0 24 24" width="100%" height="100%">
<line x1="3" y1="12" x2="21" y2="12"></line>
<line x1="12" y1="3" x2="12" y2="21"></line>
</svg>
</i>
<div class="add-text ddl_link_inline address addtoshoppinglist">
<div>
<span class="label_wrapper">
<span class="label">Pridať do zoznamu</span>
</span>
</div>
</div>
<span class="added-text">Pridané do <a
href="/akciove-ponuky/nakupny-zoznam/"
title="zoznamu"
target="_blank">zoznamu</a></span>
</div>
<div class="add-item">
<div class="add-item__inner">
<div class="newddl-text-field newddl-quantity qty_div">
<div class="newddl-button blue icon-bg standalone search-icon no-float less-button disabled">
<i class="icon">
<svg viewBox="0 0 24 8" width="100%" height="100%">
<line x1="3" y1="4" x2="21" y2="4"></line>
</svg>
</i>
</div>
<input type="text" class="newddl-quantity-input qty" value="1" min="1"
tabindex="0">
<div class="newddl-button blue icon-bg standalone search-icon no-float more-button">
<i class="icon">
<svg viewBox="0 0 24 24" width="100%" height="100%">
<line x1="3" y1="12" x2="21" y2="12"></line>
<line x1="12" y1="3" x2="12" y2="21"></line>
</svg>
</i>
</div>
</div>
<div class="newddl-button blue secondary no-float no-icon min-width accept-button add_to_basket"
onclick="addToBasket(this)"
data-template="/akciove-ponuky/nakupny-zoznam"
data-prod_id="1217182">
<span class="link-label">
Pridať do zoznamu                                              </span>
</div>
<div class="cancel-link"><a href="#cancel"
title="Zrušiť"
tabindex="0">Zrušiť</a>
</div>
</div>
</div>
<div class="added-item" style="">
<p class="t2 nddl">Pridané do <a
href="/akciove-ponuky/nakupny-zoznam/"
title="zoznamu"
target="_blank"
tabindex="0">zoznamu</a>
</p>
<a href="/akciove-ponuky/nakupny-zoznam/"
class="newddl-button blue secondary no-float no-icon min-width edit-button"
title="Upraviť zoznam" target="_blank"
tabindex="0">
<span class="link-label">Upraviť zoznam</span>
</a>
</div>
</div>
</div>

</div>
<div class="a-productListing__productsGrid__element">
<div class="ddl-product-lol  xEqHeights soon-expire"
title="Becherovka 38%">
<div class="status-bar cf">
<div class="hovershowtooltip">
<div class="inner">
Ponuka je platná do 31.12.2022.
</div>
<div class="arrow-container">
<div class="arrow-down"></div>
<div class="arrow-down-fg"></div>
</div>
</div>
<a href="https://potravinydomov.itesco.sk/groceries/sk-SK/products/2002120020715"
class="newddl-button left transparent ghs-link"
tabindex="0" target="_blank">
<i class="icon">
<svg xmlns="http://www.w3.org/2000/svg"
xmlns:xlink="http://www.w3.org/1999/xlink"
style="width: 20px !important" height="13" viewBox="0 0 23 13">
<defs>
<path id="clxfa"
d="M33.33 21.44c.44.1.67.38.67.8v3.1c0 .47-.38.84-.84.84h-.9a2.2 2.2 0 0 1-2.18 1.8 2.2 2.2 0 0 1-2.17-1.8h-7.9a2.22 2.22 0 0 1-2.2 1.82c-1.1 0-2-.79-2.19-1.82h-1.66c-.97 0-1.15-.92-1.25-1.41l-1.04-4.25-.41-.27a.3.3 0 0 1-.14-.23L11 18.73c0-.84.66-1.5 1.48-1.5h2.3l-.14.15a.46.46 0 0 0 0 .66.47.47 0 0 0 .66 0l.8-.8h.01l2.11-2.1c.14-.14.41-.19.58-.09.15.09.24.24.24.4 0 .13-.05.24-.14.33l-1.47 1.46h4.39l-1.47-1.46a.46.46 0 0 1 .1-.73c.17-.1.43-.05.57.1L24 18.08c.08.06.18.1.28.1.17 0 .32-.09.4-.24.1-.17.05-.43-.09-.57l-.14-.14h2.31c.77 0 1.39.57 1.47 1.3h1.75c.22 0 .8 0 1.03.71l.8 1.94zM28.7 25.8c0 .75.62 1.36 1.37 1.36.86 0 1.54-.77 1.35-1.65-.1-.52-.53-.93-1.05-1.04a1.38 1.38 0 0 0-1.67 1.33zm-2.17-1c-.05.23-.12.44-.22.63h1.6a2.2 2.2 0 0 1 2.16-1.81c1.09 0 2 .76 2.18 1.8h.9c.04 0 .07-.03.07-.06v-3.11-.04l-.06-.01-1.7-.28a.39.39 0 0 1-.3-.23l-.9-2.2c-.05-.16-.08-.17-.29-.17h-1.77-.02l-.06.71a.3.3 0 0 1-.14.23l-.41.27zm-8.25-4.07a.42.42 0 0 0-.42.43l.29 2.69a.42.42 0 1 0 .83-.02l-.28-2.69a.42.42 0 0 0-.42-.4zm-3 3.15c.02.21.2.38.41.38h.04a.42.42 0 0 0 .38-.46l-.43-2.69a.41.41 0 0 0-.45-.38.42.42 0 0 0-.38.46zm2.53 3.27c.61 0 1.13-.4 1.3-.96h-2.6c.16.56.68.96 1.3.96zm4.11-6a.42.42 0 0 0-.41-.42.41.41 0 0 0-.42.4l-.28 2.72c0 .22.18.4.41.4.23 0 .42-.18.42-.39zm2.17 3.1c.22 0 .4-.16.42-.36l.43-2.71a.41.41 0 0 0-.38-.45.42.42 0 0 0-.45.37l-.43 2.71c-.01.11.02.22.1.3.07.09.17.14.28.15z"></path>
</defs>
<g>
<g clip-path="url(#clip-72B53A8F-48D2-421E-9EC9-9A8CE7DC52A1)"
transform="translate(-11 -15)">
<use fill="#00549e" stroke="none" xlink:href="#clxfa"></use>
</g>
</g>
</svg>
</i>
<div class="ddl_link_inline address shoponline"
style="display: inline-block; vertical-align: middle;">
<span class="link">
<span class="label_wrapper">
<span class="label">
Kúpiť teraz                                                    </span>
</span>
</span>
</div>
</a>
<div class="promo-countdown -lessThan48">

<i class="icon -lessThan48">
<svg xmlns="http://www.w3.org/2000/svg"
xmlns:xlink="http://www.w3.org/1999/xlink" width="22"
height="22" viewBox="0 0 22 22">
<defs>
<path id="ywjka"
d="M216.5 21a9.5 9.5 0 1 1-19 0 9.5 9.5 0 0 1 19 0z"/>
<path id="ywjkb" d="M207 14.5v7h-5"/>
</defs>
<g>
<g transform="translate(-196 -10)">
<use fill="#fff" fill-opacity="0" stroke="#fff"
stroke-miterlimit="50"
stroke-width="1.2" xlink:href="#ywjka"/>
</g>
<g transform="translate(-196 -10)">
<use fill="#fff" fill-opacity="0" stroke="#fff"
stroke-miterlimit="50"
stroke-width="1.2" xlink:href="#ywjkb"/>
</g>
</g>
</svg>
</i>

<i class="icon normal">
<svg xmlns="http://www.w3.org/2000/svg"
xmlns:xlink="http://www.w3.org/1999/xlink" width="22"
height="22" viewBox="0 0 22 22">
<defs>
<path id="ywjka"
d="M216.5 21a9.5 9.5 0 1 1-19 0 9.5 9.5 0 0 1 19 0z"/>
<path id="ywjkb" d="M207 14.5v7h-5"/>
</defs>
<g>
<g transform="translate(-196 -10)">
<use fill="#00539F" fill-opacity="0" stroke="#00539F"
stroke-miterlimit="50"
stroke-width="1.2" xlink:href="#ywjka"/>
</g>
<g transform="translate(-196 -10)">
<use fill="#00539F" fill-opacity="0" stroke="#00539F"
stroke-miterlimit="50"
stroke-width="1.2" xlink:href="#ywjkb"/>
</g>
</g>
</svg>
</i>

<div class="promo-countdown-wrapper">
<p>Zľava končí</p>
<b data-countdown="2023/01/01 0:00:00"
data-count-down-dur-locale="&quot;{\&quot;S\&quot;:\&quot;m\&quot;,\&quot;SS\&quot;:\&quot;m\&quot;,\&quot;s\&quot;:\&quot;d\&quot;,\&quot;ss\&quot;:\&quot;s\&quot;,\&quot;m\&quot;:\&quot;m\&quot;,\&quot;mm\&quot;:\&quot;m\&quot;,\&quot;h\&quot;:\&quot;h\&quot;,\&quot;hh\&quot;:\&quot;h\&quot;,\&quot;d\&quot;:\&quot;d\&quot;,\&quot;dd\&quot;:\&quot;d\&quot;,\&quot;w\&quot;:\&quot;t\&quot;,\&quot;ww\&quot;:\&quot;t\&quot;,\&quot;M\&quot;:\&quot;m\&quot;,\&quot;MM\&quot;:\&quot;m\&quot;,\&quot;y\&quot;:\&quot;r\&quot;,\&quot;yy\&quot;:\&quot;l\&quot;}&quot;"></b>
</div>
</div>
</div>
<a href="/akciove-ponuky/akciove-produkty/produkt/napoje/liehoviny-a-likery/becherovka-38/"
class="details-box" tabindex="0">
<div class="product__inner cc-tier2-higher-than-10-prod-blue-border">

<div class="product__info-wrapper">
<span class="product__name">Becherovka 38%</span>
<div class="product__secondary-text">
<div>
0,7 l + 2 poháre                            </div>
<span>Pôvodná cena:</span>
<span class="product__price-text">16,59
(1 l=23,70 €)                </span>
<div class="product__price-cc-text">
<span>s Clubcard:</span>
</div>
<span class="product__price-cc-text">13,27</span>
(1 l=18,96 €)        </div>
<div class="product__discount-percentage">
<div class="product__discount-normal-price">
16,59
</div>
<div class="discount-percentage__text">
<span>
-20
<span class="discount__percentage-sign">%</span>
</span>
</div>
</div>
<div class="product__price-wrapper-outer-box">
<div class="product__price-wrapper">
<div class="product__price ">
<span class="price__left-part">
13,27
</span>
</div>
<div class="product__cc-price-text">
Clubcard ceny
</div>
</div>
</div>
</div>
<div class="product__img-wrapper">
<div class="product__img-holder">
<img data-src="/img/opt/tescoce_sk/products/2022-11-30/png/becherovka-38-2002120020715-1-5k.png" src="/img/lq/tescoce_sk/products/2022-11-30/png/becherovka-38-2002120020715-1-5k.png" alt="Becherovka 38%"//><noscript><img src="/img/opt/tescoce_sk/products/2022-11-30/png/becherovka-38-2002120020715-1-5k.png" alt="Becherovka 38%"//></noscript>
</div>
<img
class="country-flag"
src=""
alt=""
/>
</div>
</div>                                                            </a>
<div class="shopping-list-parts">
<div class="add-button">
<i class="icon">
<svg viewBox="0 0 24 24" width="100%" height="100%">
<line x1="3" y1="12" x2="21" y2="12"></line>
<line x1="12" y1="3" x2="12" y2="21"></line>
</svg>
</i>
<div class="add-text ddl_link_inline address addtoshoppinglist">
<div>
<span class="label_wrapper">
<span class="label">Pridať do zoznamu</span>
</span>
</div>
</div>
<span class="added-text">Pridané do <a
href="/akciove-ponuky/nakupny-zoznam/"
title="zoznamu"
target="_blank">zoznamu</a></span>
</div>
<div class="add-item">
<div class="add-item__inner">
<div class="newddl-text-field newddl-quantity qty_div">
<div class="newddl-button blue icon-bg standalone search-icon no-float less-button disabled">
<i class="icon">
<svg viewBox="0 0 24 8" width="100%" height="100%">
<line x1="3" y1="4" x2="21" y2="4"></line>
</svg>
</i>
</div>
<input type="text" class="newddl-quantity-input qty" value="1" min="1"
tabindex="0">
<div class="newddl-button blue icon-bg standalone search-icon no-float more-button">
<i class="icon">
<svg viewBox="0 0 24 24" width="100%" height="100%">
<line x1="3" y1="12" x2="21" y2="12"></line>
<line x1="12" y1="3" x2="12" y2="21"></line>
</svg>
</i>
</div>
</div>
<div class="newddl-button blue secondary no-float no-icon min-width accept-button add_to_basket"
onclick="addToBasket(this)"
data-template="/akciove-ponuky/nakupny-zoznam"
data-prod_id="1197852">
<span class="link-label">
Pridať do zoznamu                                              </span>
</div>
<div class="cancel-link"><a href="#cancel"
title="Zrušiť"
tabindex="0">Zrušiť</a>
</div>
</div>
</div>
<div class="added-item" style="">
<p class="t2 nddl">Pridané do <a
href="/akciove-ponuky/nakupny-zoznam/"
title="zoznamu"
target="_blank"
tabindex="0">zoznamu</a>
</p>
<a href="/akciove-ponuky/nakupny-zoznam/"
class="newddl-button blue secondary no-float no-icon min-width edit-button"
title="Upraviť zoznam" target="_blank"
tabindex="0">
<span class="link-label">Upraviť zoznam</span>
</a>
</div>
</div>
</div>

</div>
<div class="a-productListing__productsGrid__element">
<div class="ddl-product-lol  xEqHeights soon-expire"
title="Beefeater pink 37,5%">
<div class="status-bar cf">
<div class="hovershowtooltip">
<div class="inner">
Ponuka je platná do 31.12.2022.
</div>
<div class="arrow-container">
<div class="arrow-down"></div>
<div class="arrow-down-fg"></div>
</div>
</div>
<a href="https://potravinydomov.itesco.sk/groceries/sk-SK/products/2002020339641"
class="newddl-button left transparent ghs-link"
tabindex="0" target="_blank">
<i class="icon">
<svg xmlns="http://www.w3.org/2000/svg"
xmlns:xlink="http://www.w3.org/1999/xlink"
style="width: 20px !important" height="13" viewBox="0 0 23 13">
<defs>
<path id="clxfa"
d="M33.33 21.44c.44.1.67.38.67.8v3.1c0 .47-.38.84-.84.84h-.9a2.2 2.2 0 0 1-2.18 1.8 2.2 2.2 0 0 1-2.17-1.8h-7.9a2.22 2.22 0 0 1-2.2 1.82c-1.1 0-2-.79-2.19-1.82h-1.66c-.97 0-1.15-.92-1.25-1.41l-1.04-4.25-.41-.27a.3.3 0 0 1-.14-.23L11 18.73c0-.84.66-1.5 1.48-1.5h2.3l-.14.15a.46.46 0 0 0 0 .66.47.47 0 0 0 .66 0l.8-.8h.01l2.11-2.1c.14-.14.41-.19.58-.09.15.09.24.24.24.4 0 .13-.05.24-.14.33l-1.47 1.46h4.39l-1.47-1.46a.46.46 0 0 1 .1-.73c.17-.1.43-.05.57.1L24 18.08c.08.06.18.1.28.1.17 0 .32-.09.4-.24.1-.17.05-.43-.09-.57l-.14-.14h2.31c.77 0 1.39.57 1.47 1.3h1.75c.22 0 .8 0 1.03.71l.8 1.94zM28.7 25.8c0 .75.62 1.36 1.37 1.36.86 0 1.54-.77 1.35-1.65-.1-.52-.53-.93-1.05-1.04a1.38 1.38 0 0 0-1.67 1.33zm-2.17-1c-.05.23-.12.44-.22.63h1.6a2.2 2.2 0 0 1 2.16-1.81c1.09 0 2 .76 2.18 1.8h.9c.04 0 .07-.03.07-.06v-3.11-.04l-.06-.01-1.7-.28a.39.39 0 0 1-.3-.23l-.9-2.2c-.05-.16-.08-.17-.29-.17h-1.77-.02l-.06.71a.3.3 0 0 1-.14.23l-.41.27zm-8.25-4.07a.42.42 0 0 0-.42.43l.29 2.69a.42.42 0 1 0 .83-.02l-.28-2.69a.42.42 0 0 0-.42-.4zm-3 3.15c.02.21.2.38.41.38h.04a.42.42 0 0 0 .38-.46l-.43-2.69a.41.41 0 0 0-.45-.38.42.42 0 0 0-.38.46zm2.53 3.27c.61 0 1.13-.4 1.3-.96h-2.6c.16.56.68.96 1.3.96zm4.11-6a.42.42 0 0 0-.41-.42.41.41 0 0 0-.42.4l-.28 2.72c0 .22.18.4.41.4.23 0 .42-.18.42-.39zm2.17 3.1c.22 0 .4-.16.42-.36l.43-2.71a.41.41 0 0 0-.38-.45.42.42 0 0 0-.45.37l-.43 2.71c-.01.11.02.22.1.3.07.09.17.14.28.15z"></path>
</defs>
<g>
<g clip-path="url(#clip-72B53A8F-48D2-421E-9EC9-9A8CE7DC52A1)"
transform="translate(-11 -15)">
<use fill="#00549e" stroke="none" xlink:href="#clxfa"></use>
</g>
</g>
</svg>
</i>
<div class="ddl_link_inline address shoponline"
style="display: inline-block; vertical-align: middle;">
<span class="link">
<span class="label_wrapper">
<span class="label">
Kúpiť teraz                                                    </span>
</span>
</span>
</div>
</a>
<div class="promo-countdown -lessThan48">

<i class="icon -lessThan48">
<svg xmlns="http://www.w3.org/2000/svg"
xmlns:xlink="http://www.w3.org/1999/xlink" width="22"
height="22" viewBox="0 0 22 22">
<defs>
<path id="ywjka"
d="M216.5 21a9.5 9.5 0 1 1-19 0 9.5 9.5 0 0 1 19 0z"/>
<path id="ywjkb" d="M207 14.5v7h-5"/>
</defs>
<g>
<g transform="translate(-196 -10)">
<use fill="#fff" fill-opacity="0" stroke="#fff"
stroke-miterlimit="50"
stroke-width="1.2" xlink:href="#ywjka"/>
</g>
<g transform="translate(-196 -10)">
<use fill="#fff" fill-opacity="0" stroke="#fff"
stroke-miterlimit="50"
stroke-width="1.2" xlink:href="#ywjkb"/>
</g>
</g>
</svg>
</i>

<i class="icon normal">
<svg xmlns="http://www.w3.org/2000/svg"
xmlns:xlink="http://www.w3.org/1999/xlink" width="22"
height="22" viewBox="0 0 22 22">
<defs>
<path id="ywjka"
d="M216.5 21a9.5 9.5 0 1 1-19 0 9.5 9.5 0 0 1 19 0z"/>
<path id="ywjkb" d="M207 14.5v7h-5"/>
</defs>
<g>
<g transform="translate(-196 -10)">
<use fill="#00539F" fill-opacity="0" stroke="#00539F"
stroke-miterlimit="50"
stroke-width="1.2" xlink:href="#ywjka"/>
</g>
<g transform="translate(-196 -10)">
<use fill="#00539F" fill-opacity="0" stroke="#00539F"
stroke-miterlimit="50"
stroke-width="1.2" xlink:href="#ywjkb"/>
</g>
</g>
</svg>
</i>

<div class="promo-countdown-wrapper">
<p>Zľava končí</p>
<b data-countdown="2023/01/01 0:00:00"
data-count-down-dur-locale="&quot;{\&quot;S\&quot;:\&quot;m\&quot;,\&quot;SS\&quot;:\&quot;m\&quot;,\&quot;s\&quot;:\&quot;d\&quot;,\&quot;ss\&quot;:\&quot;s\&quot;,\&quot;m\&quot;:\&quot;m\&quot;,\&quot;mm\&quot;:\&quot;m\&quot;,\&quot;h\&quot;:\&quot;h\&quot;,\&quot;hh\&quot;:\&quot;h\&quot;,\&quot;d\&quot;:\&quot;d\&quot;,\&quot;dd\&quot;:\&quot;d\&quot;,\&quot;w\&quot;:\&quot;t\&quot;,\&quot;ww\&quot;:\&quot;t\&quot;,\&quot;M\&quot;:\&quot;m\&quot;,\&quot;MM\&quot;:\&quot;m\&quot;,\&quot;y\&quot;:\&quot;r\&quot;,\&quot;yy\&quot;:\&quot;l\&quot;}&quot;"></b>
</div>
</div>
</div>
<a href="/akciove-ponuky/akciove-produkty/produkt/napoje/liehoviny-a-likery/beefeater-pink-37-5/"
class="details-box" tabindex="0">
<div class="product__inner cc-tier2-higher-than-10-prod-blue-border">

<div class="product__info-wrapper">
<span class="product__name">Beefeater pink 37,5%</span>
<div class="product__secondary-text">
<div>
0,7 l + pohár                            </div>
<span>Pôvodná cena:</span>
<span class="product__price-text">23,99
(1 l=34,27 €)                </span>
<div class="product__price-cc-text">
<span>s Clubcard:</span>
</div>
<span class="product__price-cc-text">19,19</span>
(1 l=27,41 €)        </div>
<div class="product__discount-percentage">
<div class="product__discount-normal-price">
23,99
</div>
<div class="discount-percentage__text">
<span>
-20
<span class="discount__percentage-sign">%</span>
</span>
</div>
</div>
<div class="product__price-wrapper-outer-box">
<div class="product__price-wrapper">
<div class="product__price ">
<span class="price__left-part">
19,19
</span>
</div>
<div class="product__cc-price-text">
Clubcard ceny
</div>
</div>
</div>
</div>
<div class="product__img-wrapper">
<div class="product__img-holder">
<img data-src="/img/opt/tescoce_sk/products/2022-11-16/png/beefeater-pink-37-5-2002020339641-1-5k.png" src="/img/lq/tescoce_sk/products/2022-11-16/png/beefeater-pink-37-5-2002020339641-1-5k.png" alt="Beefeater pink 37,5%"//><noscript><img src="/img/opt/tescoce_sk/products/2022-11-16/png/beefeater-pink-37-5-2002020339641-1-5k.png" alt="Beefeater pink 37,5%"//></noscript>
</div>
<img
class="country-flag"
src=""
alt=""
/>
</div>
</div>                                                            </a>
<div class="shopping-list-parts">
<div class="add-button">
<i class="icon">
<svg viewBox="0 0 24 24" width="100%" height="100%">
<line x1="3" y1="12" x2="21" y2="12"></line>
<line x1="12" y1="3" x2="12" y2="21"></line>
</svg>
</i>
<div class="add-text ddl_link_inline address addtoshoppinglist">
<div>
<span class="label_wrapper">
<span class="label">Pridať do zoznamu</span>
</span>
</div>
</div>
<span class="added-text">Pridané do <a
href="/akciove-ponuky/nakupny-zoznam/"
title="zoznamu"
target="_blank">zoznamu</a></span>
</div>
<div class="add-item">
<div class="add-item__inner">
<div class="newddl-text-field newddl-quantity qty_div">
<div class="newddl-button blue icon-bg standalone search-icon no-float less-button disabled">
<i class="icon">
<svg viewBox="0 0 24 8" width="100%" height="100%">
<line x1="3" y1="4" x2="21" y2="4"></line>
</svg>
</i>
</div>
<input type="text" class="newddl-quantity-input qty" value="1" min="1"
tabindex="0">
<div class="newddl-button blue icon-bg standalone search-icon no-float more-button">
<i class="icon">
<svg viewBox="0 0 24 24" width="100%" height="100%">
<line x1="3" y1="12" x2="21" y2="12"></line>
<line x1="12" y1="3" x2="12" y2="21"></line>
</svg>
</i>
</div>
</div>
<div class="newddl-button blue secondary no-float no-icon min-width accept-button add_to_basket"
onclick="addToBasket(this)"
data-template="/akciove-ponuky/nakupny-zoznam"
data-prod_id="1189952">
<span class="link-label">
Pridať do zoznamu                                              </span>
</div>
<div class="cancel-link"><a href="#cancel"
title="Zrušiť"
tabindex="0">Zrušiť</a>
</div>
</div>
</div>
<div class="added-item" style="">
<p class="t2 nddl">Pridané do <a
href="/akciove-ponuky/nakupny-zoznam/"
title="zoznamu"
target="_blank"
tabindex="0">zoznamu</a>
</p>
<a href="/akciove-ponuky/nakupny-zoznam/"
class="newddl-button blue secondary no-float no-icon min-width edit-button"
title="Upraviť zoznam" target="_blank"
tabindex="0">
<span class="link-label">Upraviť zoznam</span>
</a>
</div>
</div>
</div>

</div>
<div class="a-productListing__productsGrid__element">
<div class="ddl-product-lol  xEqHeights soon-expire"
title="Bentianna Liqueur 38%">
<div class="status-bar cf">
<div class="promo-countdown">

<i class="icon -lessThan48">
<svg xmlns="http://www.w3.org/2000/svg"
xmlns:xlink="http://www.w3.org/1999/xlink" width="22"
height="22" viewBox="0 0 22 22">
<defs>
<path id="ywjka"
d="M216.5 21a9.5 9.5 0 1 1-19 0 9.5 9.5 0 0 1 19 0z"/>
<path id="ywjkb" d="M207 14.5v7h-5"/>
</defs>
<g>
<g transform="translate(-196 -10)">
<use fill="#fff" fill-opacity="0" stroke="#fff"
stroke-miterlimit="50"
stroke-width="1.2" xlink:href="#ywjka"/>
</g>
<g transform="translate(-196 -10)">
<use fill="#fff" fill-opacity="0" stroke="#fff"
stroke-miterlimit="50"
stroke-width="1.2" xlink:href="#ywjkb"/>
</g>
</g>
</svg>
</i>

<i class="icon normal">
<svg xmlns="http://www.w3.org/2000/svg"
xmlns:xlink="http://www.w3.org/1999/xlink" width="22"
height="22" viewBox="0 0 22 22">
<defs>
<path id="ywjka"
d="M216.5 21a9.5 9.5 0 1 1-19 0 9.5 9.5 0 0 1 19 0z"/>
<path id="ywjkb" d="M207 14.5v7h-5"/>
</defs>
<g>
<g transform="translate(-196 -10)">
<use fill="#00539F" fill-opacity="0" stroke="#00539F"
stroke-miterlimit="50"
stroke-width="1.2" xlink:href="#ywjka"/>
</g>
<g transform="translate(-196 -10)">
<use fill="#00539F" fill-opacity="0" stroke="#00539F"
stroke-miterlimit="50"
stroke-width="1.2" xlink:href="#ywjkb"/>
</g>
</g>
</svg>
</i>

<div class="promo-countdown-wrapper">
<p>Zľava končí</p>
<b data-countdown="2023/01/04 0:00:00"
data-count-down-dur-locale="&quot;{\&quot;S\&quot;:\&quot;m\&quot;,\&quot;SS\&quot;:\&quot;m\&quot;,\&quot;s\&quot;:\&quot;d\&quot;,\&quot;ss\&quot;:\&quot;s\&quot;,\&quot;m\&quot;:\&quot;m\&quot;,\&quot;mm\&quot;:\&quot;m\&quot;,\&quot;h\&quot;:\&quot;h\&quot;,\&quot;hh\&quot;:\&quot;h\&quot;,\&quot;d\&quot;:\&quot;d\&quot;,\&quot;dd\&quot;:\&quot;d\&quot;,\&quot;w\&quot;:\&quot;t\&quot;,\&quot;ww\&quot;:\&quot;t\&quot;,\&quot;M\&quot;:\&quot;m\&quot;,\&quot;MM\&quot;:\&quot;m\&quot;,\&quot;y\&quot;:\&quot;r\&quot;,\&quot;yy\&quot;:\&quot;l\&quot;}&quot;"></b>
</div>
</div>
</div>
<a href="/akciove-ponuky/akciove-produkty/produkt/napoje/liehoviny-a-likery/bentianna-liqueur-38/"
class="details-box" tabindex="0">
<div class="product__inner cc-tier2-higher-than-10-prod-blue-border">

<div class="product__info-wrapper">
<span class="product__name">Bentianna Liqueur 38%</span>
<div class="product__secondary-text">
<div>
0,7 l                            </div>
<span>Pôvodná cena:</span>
<span class="product__price-text">21,99
(1 l=31,41 €)                </span>
<div class="product__price-cc-text">
<span>s Clubcard:</span>
</div>
<span class="product__price-cc-text">17,59</span>
(1 l=25,13 €)        </div>
<div class="product__discount-percentage">
<div class="product__discount-normal-price">
21,99
</div>
<div class="discount-percentage__text">
<span>
-20
<span class="discount__percentage-sign">%</span>
</span>
</div>
</div>
<div class="product__price-wrapper-outer-box">
<div class="product__price-wrapper">
<div class="product__price ">
<span class="price__left-part">
17,59
</span>
</div>
<div class="product__cc-price-text">
Clubcard ceny
</div>
</div>
</div>
</div>
<div class="product__img-wrapper">
<div class="product__img-holder">
<img data-src="/img/opt/tescoce_sk/products/2022-12-14/png/bentianna-liqueur-2002020333356-1-5k.png" src="/img/lq/tescoce_sk/products/2022-12-14/png/bentianna-liqueur-2002020333356-1-5k.png" alt="Bentianna Liqueur 38%"//><noscript><img src="/img/opt/tescoce_sk/products/2022-12-14/png/bentianna-liqueur-2002020333356-1-5k.png" alt="Bentianna Liqueur 38%"//></noscript>
</div>
<img
class="country-flag"
src="/img/npc/flags/slovak.svg"
alt="szlovák zászló"
/>
</div>
</div>                                                            </a>
<div class="shopping-list-parts">
<div class="add-button">
<i class="icon">
<svg viewBox="0 0 24 24" width="100%" height="100%">
<line x1="3" y1="12" x2="21" y2="12"></line>
<line x1="12" y1="3" x2="12" y2="21"></line>
</svg>
</i>
<div class="add-text ddl_link_inline address addtoshoppinglist">
<div>
<span class="label_wrapper">
<span class="label">Pridať do zoznamu</span>
</span>
</div>
</div>
<span class="added-text">Pridané do <a
href="/akciove-ponuky/nakupny-zoznam/"
title="zoznamu"
target="_blank">zoznamu</a></span>
</div>
<div class="add-item">
<div class="add-item__inner">
<div class="newddl-text-field newddl-quantity qty_div">
<div class="newddl-button blue icon-bg standalone search-icon no-float less-button disabled">
<i class="icon">
<svg viewBox="0 0 24 8" width="100%" height="100%">
<line x1="3" y1="4" x2="21" y2="4"></line>
</svg>
</i>
</div>
<input type="text" class="newddl-quantity-input qty" value="1" min="1"
tabindex="0">
<div class="newddl-button blue icon-bg standalone search-icon no-float more-button">
<i class="icon">
<svg viewBox="0 0 24 24" width="100%" height="100%">
<line x1="3" y1="12" x2="21" y2="12"></line>
<line x1="12" y1="3" x2="12" y2="21"></line>
</svg>
</i>
</div>
</div>
<div class="newddl-button blue secondary no-float no-icon min-width accept-button add_to_basket"
onclick="addToBasket(this)"
data-template="/akciove-ponuky/nakupny-zoznam"
data-prod_id="1211602">
<span class="link-label">
Pridať do zoznamu                                              </span>
</div>
<div class="cancel-link"><a href="#cancel"
title="Zrušiť"
tabindex="0">Zrušiť</a>
</div>
</div>
</div>
<div class="added-item" style="">
<p class="t2 nddl">Pridané do <a
href="/akciove-ponuky/nakupny-zoznam/"
title="zoznamu"
target="_blank"
tabindex="0">zoznamu</a>
</p>
<a href="/akciove-ponuky/nakupny-zoznam/"
class="newddl-button blue secondary no-float no-icon min-width edit-button"
title="Upraviť zoznam" target="_blank"
tabindex="0">
<span class="link-label">Upraviť zoznam</span>
</a>
</div>
</div>
</div>

</div>
<div class="a-productListing__productsGrid__element">
<div class="ddl-product-lol  xEqHeights soon-expire"
title="Bernard Nefiltrovaný ležiak">
<div class="status-bar cf">
<div class="hovershowtooltip">
<div class="inner">
Ponuka je platná do 31.12.2022.
</div>
<div class="arrow-container">
<div class="arrow-down"></div>
<div class="arrow-down-fg"></div>
</div>
</div>
<a href="https://potravinydomov.itesco.sk/groceries/sk-SK/products/2002020061558"
class="newddl-button left transparent ghs-link"
tabindex="0" target="_blank">
<i class="icon">
<svg xmlns="http://www.w3.org/2000/svg"
xmlns:xlink="http://www.w3.org/1999/xlink"
style="width: 20px !important" height="13" viewBox="0 0 23 13">
<defs>
<path id="clxfa"
d="M33.33 21.44c.44.1.67.38.67.8v3.1c0 .47-.38.84-.84.84h-.9a2.2 2.2 0 0 1-2.18 1.8 2.2 2.2 0 0 1-2.17-1.8h-7.9a2.22 2.22 0 0 1-2.2 1.82c-1.1 0-2-.79-2.19-1.82h-1.66c-.97 0-1.15-.92-1.25-1.41l-1.04-4.25-.41-.27a.3.3 0 0 1-.14-.23L11 18.73c0-.84.66-1.5 1.48-1.5h2.3l-.14.15a.46.46 0 0 0 0 .66.47.47 0 0 0 .66 0l.8-.8h.01l2.11-2.1c.14-.14.41-.19.58-.09.15.09.24.24.24.4 0 .13-.05.24-.14.33l-1.47 1.46h4.39l-1.47-1.46a.46.46 0 0 1 .1-.73c.17-.1.43-.05.57.1L24 18.08c.08.06.18.1.28.1.17 0 .32-.09.4-.24.1-.17.05-.43-.09-.57l-.14-.14h2.31c.77 0 1.39.57 1.47 1.3h1.75c.22 0 .8 0 1.03.71l.8 1.94zM28.7 25.8c0 .75.62 1.36 1.37 1.36.86 0 1.54-.77 1.35-1.65-.1-.52-.53-.93-1.05-1.04a1.38 1.38 0 0 0-1.67 1.33zm-2.17-1c-.05.23-.12.44-.22.63h1.6a2.2 2.2 0 0 1 2.16-1.81c1.09 0 2 .76 2.18 1.8h.9c.04 0 .07-.03.07-.06v-3.11-.04l-.06-.01-1.7-.28a.39.39 0 0 1-.3-.23l-.9-2.2c-.05-.16-.08-.17-.29-.17h-1.77-.02l-.06.71a.3.3 0 0 1-.14.23l-.41.27zm-8.25-4.07a.42.42 0 0 0-.42.43l.29 2.69a.42.42 0 1 0 .83-.02l-.28-2.69a.42.42 0 0 0-.42-.4zm-3 3.15c.02.21.2.38.41.38h.04a.42.42 0 0 0 .38-.46l-.43-2.69a.41.41 0 0 0-.45-.38.42.42 0 0 0-.38.46zm2.53 3.27c.61 0 1.13-.4 1.3-.96h-2.6c.16.56.68.96 1.3.96zm4.11-6a.42.42 0 0 0-.41-.42.41.41 0 0 0-.42.4l-.28 2.72c0 .22.18.4.41.4.23 0 .42-.18.42-.39zm2.17 3.1c.22 0 .4-.16.42-.36l.43-2.71a.41.41 0 0 0-.38-.45.42.42 0 0 0-.45.37l-.43 2.71c-.01.11.02.22.1.3.07.09.17.14.28.15z"></path>
</defs>
<g>
<g clip-path="url(#clip-72B53A8F-48D2-421E-9EC9-9A8CE7DC52A1)"
transform="translate(-11 -15)">
<use fill="#00549e" stroke="none" xlink:href="#clxfa"></use>
</g>
</g>
</svg>
</i>
<div class="ddl_link_inline address shoponline"
style="display: inline-block; vertical-align: middle;">
<span class="link">
<span class="label_wrapper">
<span class="label">
Kúpiť teraz                                                    </span>
</span>
</span>
</div>
</a>
<div class="promo-countdown -lessThan48">

<i class="icon -lessThan48">
<svg xmlns="http://www.w3.org/2000/svg"
xmlns:xlink="http://www.w3.org/1999/xlink" width="22"
height="22" viewBox="0 0 22 22">
<defs>
<path id="ywjka"
d="M216.5 21a9.5 9.5 0 1 1-19 0 9.5 9.5 0 0 1 19 0z"/>
<path id="ywjkb" d="M207 14.5v7h-5"/>
</defs>
<g>
<g transform="translate(-196 -10)">
<use fill="#fff" fill-opacity="0" stroke="#fff"
stroke-miterlimit="50"
stroke-width="1.2" xlink:href="#ywjka"/>
</g>
<g transform="translate(-196 -10)">
<use fill="#fff" fill-opacity="0" stroke="#fff"
stroke-miterlimit="50"
stroke-width="1.2" xlink:href="#ywjkb"/>
</g>
</g>
</svg>
</i>

<i class="icon normal">
<svg xmlns="http://www.w3.org/2000/svg"
xmlns:xlink="http://www.w3.org/1999/xlink" width="22"
height="22" viewBox="0 0 22 22">
<defs>
<path id="ywjka"
d="M216.5 21a9.5 9.5 0 1 1-19 0 9.5 9.5 0 0 1 19 0z"/>
<path id="ywjkb" d="M207 14.5v7h-5"/>
</defs>
<g>
<g transform="translate(-196 -10)">
<use fill="#00539F" fill-opacity="0" stroke="#00539F"
stroke-miterlimit="50"
stroke-width="1.2" xlink:href="#ywjka"/>
</g>
<g transform="translate(-196 -10)">
<use fill="#00539F" fill-opacity="0" stroke="#00539F"
stroke-miterlimit="50"
stroke-width="1.2" xlink:href="#ywjkb"/>
</g>
</g>
</svg>
</i>

<div class="promo-countdown-wrapper">
<p>Zľava končí</p>
<b data-countdown="2023/01/01 0:00:00"
data-count-down-dur-locale="&quot;{\&quot;S\&quot;:\&quot;m\&quot;,\&quot;SS\&quot;:\&quot;m\&quot;,\&quot;s\&quot;:\&quot;d\&quot;,\&quot;ss\&quot;:\&quot;s\&quot;,\&quot;m\&quot;:\&quot;m\&quot;,\&quot;mm\&quot;:\&quot;m\&quot;,\&quot;h\&quot;:\&quot;h\&quot;,\&quot;hh\&quot;:\&quot;h\&quot;,\&quot;d\&quot;:\&quot;d\&quot;,\&quot;dd\&quot;:\&quot;d\&quot;,\&quot;w\&quot;:\&quot;t\&quot;,\&quot;ww\&quot;:\&quot;t\&quot;,\&quot;M\&quot;:\&quot;m\&quot;,\&quot;MM\&quot;:\&quot;m\&quot;,\&quot;y\&quot;:\&quot;r\&quot;,\&quot;yy\&quot;:\&quot;l\&quot;}&quot;"></b>
</div>
</div>
</div>
<a href="/akciove-ponuky/akciove-produkty/produkt/napoje/piva/bernard-nefiltrovany-leziak/"
class="details-box" tabindex="0">
<div class="product__inner cc-tier2-higher-than-10-prod-blue-border">

<div class="product__info-wrapper">
<span class="product__name">Bernard Nefiltrovaný ležiak</span>
<div class="product__secondary-text">
<div>
2 l, džbán                            </div>
<span>Pôvodná cena:</span>
<span class="product__price-text">24,99
(1 l=12,50 €)                </span>
<div class="product__price-cc-text">
<span>s Clubcard:</span>
</div>
<span class="product__price-cc-text">19,99</span>
(1 l=10,00 €)        </div>
<div class="product__discount-percentage">
<div class="product__discount-normal-price">
24,99
</div>
<div class="discount-percentage__text">
<span>
-20
<span class="discount__percentage-sign">%</span>
</span>
</div>
</div>
<div class="product__price-wrapper-outer-box">
<div class="product__price-wrapper">
<div class="product__price ">
<span class="price__left-part">
19,99
</span>
</div>
<div class="product__cc-price-text">
Clubcard ceny
</div>
</div>
</div>
</div>
<div class="product__img-wrapper">
<div class="product__img-holder">
<img data-src="/img/opt/tescoce_sk/products/2022-11-30/png/bernard-nefiltrovany-leziak-2002020061558-1-5k.png" src="/img/lq/tescoce_sk/products/2022-11-30/png/bernard-nefiltrovany-leziak-2002020061558-1-5k.png" alt="Bernard Nefiltrovaný ležiak"//><noscript><img src="/img/opt/tescoce_sk/products/2022-11-30/png/bernard-nefiltrovany-leziak-2002020061558-1-5k.png" alt="Bernard Nefiltrovaný ležiak"//></noscript>
</div>
<img
class="country-flag"
src=""
alt=""
/>
</div>
</div>                                                            </a>
<div class="shopping-list-parts">
<div class="add-button">
<i class="icon">
<svg viewBox="0 0 24 24" width="100%" height="100%">
<line x1="3" y1="12" x2="21" y2="12"></line>
<line x1="12" y1="3" x2="12" y2="21"></line>
</svg>
</i>
<div class="add-text ddl_link_inline address addtoshoppinglist">
<div>
<span class="label_wrapper">
<span class="label">Pridať do zoznamu</span>
</span>
</div>
</div>
<span class="added-text">Pridané do <a
href="/akciove-ponuky/nakupny-zoznam/"
title="zoznamu"
target="_blank">zoznamu</a></span>
</div>
<div class="add-item">
<div class="add-item__inner">
<div class="newddl-text-field newddl-quantity qty_div">
<div class="newddl-button blue icon-bg standalone search-icon no-float less-button disabled">
<i class="icon">
<svg viewBox="0 0 24 8" width="100%" height="100%">
<line x1="3" y1="4" x2="21" y2="4"></line>
</svg>
</i>
</div>
<input type="text" class="newddl-quantity-input qty" value="1" min="1"
tabindex="0">
<div class="newddl-button blue icon-bg standalone search-icon no-float more-button">
<i class="icon">
<svg viewBox="0 0 24 24" width="100%" height="100%">
<line x1="3" y1="12" x2="21" y2="12"></line>
<line x1="12" y1="3" x2="12" y2="21"></line>
</svg>
</i>
</div>
</div>
<div class="newddl-button blue secondary no-float no-icon min-width accept-button add_to_basket"
onclick="addToBasket(this)"
data-template="/akciove-ponuky/nakupny-zoznam"
data-prod_id="1197622">
<span class="link-label">
Pridať do zoznamu                                              </span>
</div>
<div class="cancel-link"><a href="#cancel"
title="Zrušiť"
tabindex="0">Zrušiť</a>
</div>
</div>
</div>
<div class="added-item" style="">
<p class="t2 nddl">Pridané do <a
href="/akciove-ponuky/nakupny-zoznam/"
title="zoznamu"
target="_blank"
tabindex="0">zoznamu</a>
</p>
<a href="/akciove-ponuky/nakupny-zoznam/"
class="newddl-button blue secondary no-float no-icon min-width edit-button"
title="Upraviť zoznam" target="_blank"
tabindex="0">
<span class="link-label">Upraviť zoznam</span>
</a>
</div>
</div>
</div>

</div>
<div class="a-productListing__productsGrid__element">
<div class="ddl-product-lol  xEqHeights soon-expire"
title="Borovička Koniferum 37,5%">
<div class="status-bar cf">
<div class="promo-countdown">

<i class="icon -lessThan48">
<svg xmlns="http://www.w3.org/2000/svg"
xmlns:xlink="http://www.w3.org/1999/xlink" width="22"
height="22" viewBox="0 0 22 22">
<defs>
<path id="ywjka"
d="M216.5 21a9.5 9.5 0 1 1-19 0 9.5 9.5 0 0 1 19 0z"/>
<path id="ywjkb" d="M207 14.5v7h-5"/>
</defs>
<g>
<g transform="translate(-196 -10)">
<use fill="#fff" fill-opacity="0" stroke="#fff"
stroke-miterlimit="50"
stroke-width="1.2" xlink:href="#ywjka"/>
</g>
<g transform="translate(-196 -10)">
<use fill="#fff" fill-opacity="0" stroke="#fff"
stroke-miterlimit="50"
stroke-width="1.2" xlink:href="#ywjkb"/>
</g>
</g>
</svg>
</i>

<i class="icon normal">
<svg xmlns="http://www.w3.org/2000/svg"
xmlns:xlink="http://www.w3.org/1999/xlink" width="22"
height="22" viewBox="0 0 22 22">
<defs>
<path id="ywjka"
d="M216.5 21a9.5 9.5 0 1 1-19 0 9.5 9.5 0 0 1 19 0z"/>
<path id="ywjkb" d="M207 14.5v7h-5"/>
</defs>
<g>
<g transform="translate(-196 -10)">
<use fill="#00539F" fill-opacity="0" stroke="#00539F"
stroke-miterlimit="50"
stroke-width="1.2" xlink:href="#ywjka"/>
</g>
<g transform="translate(-196 -10)">
<use fill="#00539F" fill-opacity="0" stroke="#00539F"
stroke-miterlimit="50"
stroke-width="1.2" xlink:href="#ywjkb"/>
</g>
</g>
</svg>
</i>

<div class="promo-countdown-wrapper">
<p>Zľava končí</p>
<b data-countdown="2023/01/04 0:00:00"
data-count-down-dur-locale="&quot;{\&quot;S\&quot;:\&quot;m\&quot;,\&quot;SS\&quot;:\&quot;m\&quot;,\&quot;s\&quot;:\&quot;d\&quot;,\&quot;ss\&quot;:\&quot;s\&quot;,\&quot;m\&quot;:\&quot;m\&quot;,\&quot;mm\&quot;:\&quot;m\&quot;,\&quot;h\&quot;:\&quot;h\&quot;,\&quot;hh\&quot;:\&quot;h\&quot;,\&quot;d\&quot;:\&quot;d\&quot;,\&quot;dd\&quot;:\&quot;d\&quot;,\&quot;w\&quot;:\&quot;t\&quot;,\&quot;ww\&quot;:\&quot;t\&quot;,\&quot;M\&quot;:\&quot;m\&quot;,\&quot;MM\&quot;:\&quot;m\&quot;,\&quot;y\&quot;:\&quot;r\&quot;,\&quot;yy\&quot;:\&quot;l\&quot;}&quot;"></b>
</div>
</div>
</div>
<a href="/akciove-ponuky/akciove-produkty/produkt/napoje/liehoviny-a-likery/borovicka-koniferum-37-5/"
class="details-box" tabindex="0">
<div class="product__inner cc-tier2-higher-than-10-prod-blue-border">

<div class="product__info-wrapper">
<span class="product__name">Borovička Koniferum 37,5%</span>
<div class="product__secondary-text">
<div>
0,7 l                            </div>
<span>Pôvodná cena:</span>
<span class="product__price-text">8,99
(1 l=12,84 €)                </span>
<div class="product__price-cc-text">
<span>s Clubcard:</span>
</div>
<span class="product__price-cc-text">5,99</span>
(1 l=8,56 €)        </div>
<div class="product__discount-percentage">
<div class="product__discount-normal-price">
8,99
</div>
<div class="discount-percentage__text">
<span>
-33
<span class="discount__percentage-sign">%</span>
</span>
</div>
</div>
<div class="product__price-wrapper-outer-box">
<div class="product__price-wrapper">
<div class="product__price ">
<span class="price__left-part">
5,99
</span>
</div>
<div class="product__cc-price-text">
Clubcard ceny
</div>
</div>
</div>
</div>
<div class="product__img-wrapper">
<div class="product__img-holder">
<img data-src="/img/opt/tescoce_sk/products/2022-12-28/png/borovicka-koniferum-2002011932989-1-5k.png" src="/img/lq/tescoce_sk/products/2022-12-28/png/borovicka-koniferum-2002011932989-1-5k.png" alt="Borovička Koniferum 37,5%"//><noscript><img src="/img/opt/tescoce_sk/products/2022-12-28/png/borovicka-koniferum-2002011932989-1-5k.png" alt="Borovička Koniferum 37,5%"//></noscript>
</div>
<img
class="country-flag"
src="/img/npc/flags/slovak.svg"
alt="szlovák zászló"
/>
</div>
</div>                                                            </a>
<div class="shopping-list-parts">
<div class="add-button">
<i class="icon">
<svg viewBox="0 0 24 24" width="100%" height="100%">
<line x1="3" y1="12" x2="21" y2="12"></line>
<line x1="12" y1="3" x2="12" y2="21"></line>
</svg>
</i>
<div class="add-text ddl_link_inline address addtoshoppinglist">
<div>
<span class="label_wrapper">
<span class="label">Pridať do zoznamu</span>
</span>
</div>
</div>
<span class="added-text">Pridané do <a
href="/akciove-ponuky/nakupny-zoznam/"
title="zoznamu"
target="_blank">zoznamu</a></span>
</div>
<div class="add-item">
<div class="add-item__inner">
<div class="newddl-text-field newddl-quantity qty_div">
<div class="newddl-button blue icon-bg standalone search-icon no-float less-button disabled">
<i class="icon">
<svg viewBox="0 0 24 8" width="100%" height="100%">
<line x1="3" y1="4" x2="21" y2="4"></line>
</svg>
</i>
</div>
<input type="text" class="newddl-quantity-input qty" value="1" min="1"
tabindex="0">
<div class="newddl-button blue icon-bg standalone search-icon no-float more-button">
<i class="icon">
<svg viewBox="0 0 24 24" width="100%" height="100%">
<line x1="3" y1="12" x2="21" y2="12"></line>
<line x1="12" y1="3" x2="12" y2="21"></line>
</svg>
</i>
</div>
</div>
<div class="newddl-button blue secondary no-float no-icon min-width accept-button add_to_basket"
onclick="addToBasket(this)"
data-template="/akciove-ponuky/nakupny-zoznam"
data-prod_id="1216642">
<span class="link-label">
Pridať do zoznamu                                              </span>
</div>
<div class="cancel-link"><a href="#cancel"
title="Zrušiť"
tabindex="0">Zrušiť</a>
</div>
</div>
</div>
<div class="added-item" style="">
<p class="t2 nddl">Pridané do <a
href="/akciove-ponuky/nakupny-zoznam/"
title="zoznamu"
target="_blank"
tabindex="0">zoznamu</a>
</p>
<a href="/akciove-ponuky/nakupny-zoznam/"
class="newddl-button blue secondary no-float no-icon min-width edit-button"
title="Upraviť zoznam" target="_blank"
tabindex="0">
<span class="link-label">Upraviť zoznam</span>
</a>
</div>
</div>
</div>

</div>
<div class="a-productListing__productsGrid__element">
<div class="ddl-product-lol  xEqHeights soon-expire"
title="Bošácka slivovica 52%">
<div class="status-bar cf">
<div class="hovershowtooltip">
<div class="inner">
Ponuka je platná do 31.12.2022.
</div>
<div class="arrow-container">
<div class="arrow-down"></div>
<div class="arrow-down-fg"></div>
</div>
</div>
<a href="https://potravinydomov.itesco.sk/groceries/sk-SK/products/2002121482460"
class="newddl-button left transparent ghs-link"
tabindex="0" target="_blank">
<i class="icon">
<svg xmlns="http://www.w3.org/2000/svg"
xmlns:xlink="http://www.w3.org/1999/xlink"
style="width: 20px !important" height="13" viewBox="0 0 23 13">
<defs>
<path id="clxfa"
d="M33.33 21.44c.44.1.67.38.67.8v3.1c0 .47-.38.84-.84.84h-.9a2.2 2.2 0 0 1-2.18 1.8 2.2 2.2 0 0 1-2.17-1.8h-7.9a2.22 2.22 0 0 1-2.2 1.82c-1.1 0-2-.79-2.19-1.82h-1.66c-.97 0-1.15-.92-1.25-1.41l-1.04-4.25-.41-.27a.3.3 0 0 1-.14-.23L11 18.73c0-.84.66-1.5 1.48-1.5h2.3l-.14.15a.46.46 0 0 0 0 .66.47.47 0 0 0 .66 0l.8-.8h.01l2.11-2.1c.14-.14.41-.19.58-.09.15.09.24.24.24.4 0 .13-.05.24-.14.33l-1.47 1.46h4.39l-1.47-1.46a.46.46 0 0 1 .1-.73c.17-.1.43-.05.57.1L24 18.08c.08.06.18.1.28.1.17 0 .32-.09.4-.24.1-.17.05-.43-.09-.57l-.14-.14h2.31c.77 0 1.39.57 1.47 1.3h1.75c.22 0 .8 0 1.03.71l.8 1.94zM28.7 25.8c0 .75.62 1.36 1.37 1.36.86 0 1.54-.77 1.35-1.65-.1-.52-.53-.93-1.05-1.04a1.38 1.38 0 0 0-1.67 1.33zm-2.17-1c-.05.23-.12.44-.22.63h1.6a2.2 2.2 0 0 1 2.16-1.81c1.09 0 2 .76 2.18 1.8h.9c.04 0 .07-.03.07-.06v-3.11-.04l-.06-.01-1.7-.28a.39.39 0 0 1-.3-.23l-.9-2.2c-.05-.16-.08-.17-.29-.17h-1.77-.02l-.06.71a.3.3 0 0 1-.14.23l-.41.27zm-8.25-4.07a.42.42 0 0 0-.42.43l.29 2.69a.42.42 0 1 0 .83-.02l-.28-2.69a.42.42 0 0 0-.42-.4zm-3 3.15c.02.21.2.38.41.38h.04a.42.42 0 0 0 .38-.46l-.43-2.69a.41.41 0 0 0-.45-.38.42.42 0 0 0-.38.46zm2.53 3.27c.61 0 1.13-.4 1.3-.96h-2.6c.16.56.68.96 1.3.96zm4.11-6a.42.42 0 0 0-.41-.42.41.41 0 0 0-.42.4l-.28 2.72c0 .22.18.4.41.4.23 0 .42-.18.42-.39zm2.17 3.1c.22 0 .4-.16.42-.36l.43-2.71a.41.41 0 0 0-.38-.45.42.42 0 0 0-.45.37l-.43 2.71c-.01.11.02.22.1.3.07.09.17.14.28.15z"></path>
</defs>
<g>
<g clip-path="url(#clip-72B53A8F-48D2-421E-9EC9-9A8CE7DC52A1)"
transform="translate(-11 -15)">
<use fill="#00549e" stroke="none" xlink:href="#clxfa"></use>
</g>
</g>
</svg>
</i>
<div class="ddl_link_inline address shoponline"
style="display: inline-block; vertical-align: middle;">
<span class="link">
<span class="label_wrapper">
<span class="label">
Kúpiť teraz                                                    </span>
</span>
</span>
</div>
</a>
<div class="promo-countdown -lessThan48">

<i class="icon -lessThan48">
<svg xmlns="http://www.w3.org/2000/svg"
xmlns:xlink="http://www.w3.org/1999/xlink" width="22"
height="22" viewBox="0 0 22 22">
<defs>
<path id="ywjka"
d="M216.5 21a9.5 9.5 0 1 1-19 0 9.5 9.5 0 0 1 19 0z"/>
<path id="ywjkb" d="M207 14.5v7h-5"/>
</defs>
<g>
<g transform="translate(-196 -10)">
<use fill="#fff" fill-opacity="0" stroke="#fff"
stroke-miterlimit="50"
stroke-width="1.2" xlink:href="#ywjka"/>
</g>
<g transform="translate(-196 -10)">
<use fill="#fff" fill-opacity="0" stroke="#fff"
stroke-miterlimit="50"
stroke-width="1.2" xlink:href="#ywjkb"/>
</g>
</g>
</svg>
</i>

<i class="icon normal">
<svg xmlns="http://www.w3.org/2000/svg"
xmlns:xlink="http://www.w3.org/1999/xlink" width="22"
height="22" viewBox="0 0 22 22">
<defs>
<path id="ywjka"
d="M216.5 21a9.5 9.5 0 1 1-19 0 9.5 9.5 0 0 1 19 0z"/>
<path id="ywjkb" d="M207 14.5v7h-5"/>
</defs>
<g>
<g transform="translate(-196 -10)">
<use fill="#00539F" fill-opacity="0" stroke="#00539F"
stroke-miterlimit="50"
stroke-width="1.2" xlink:href="#ywjka"/>
</g>
<g transform="translate(-196 -10)">
<use fill="#00539F" fill-opacity="0" stroke="#00539F"
stroke-miterlimit="50"
stroke-width="1.2" xlink:href="#ywjkb"/>
</g>
</g>
</svg>
</i>

<div class="promo-countdown-wrapper">
<p>Zľava končí</p>
<b data-countdown="2023/01/01 0:00:00"
data-count-down-dur-locale="&quot;{\&quot;S\&quot;:\&quot;m\&quot;,\&quot;SS\&quot;:\&quot;m\&quot;,\&quot;s\&quot;:\&quot;d\&quot;,\&quot;ss\&quot;:\&quot;s\&quot;,\&quot;m\&quot;:\&quot;m\&quot;,\&quot;mm\&quot;:\&quot;m\&quot;,\&quot;h\&quot;:\&quot;h\&quot;,\&quot;hh\&quot;:\&quot;h\&quot;,\&quot;d\&quot;:\&quot;d\&quot;,\&quot;dd\&quot;:\&quot;d\&quot;,\&quot;w\&quot;:\&quot;t\&quot;,\&quot;ww\&quot;:\&quot;t\&quot;,\&quot;M\&quot;:\&quot;m\&quot;,\&quot;MM\&quot;:\&quot;m\&quot;,\&quot;y\&quot;:\&quot;r\&quot;,\&quot;yy\&quot;:\&quot;l\&quot;}&quot;"></b>
</div>
</div>
</div>
<a href="/akciove-ponuky/akciove-produkty/produkt/napoje/liehoviny-a-likery/bosacka-slivovica-52/"
class="details-box" tabindex="0">
<div class="product__inner cc-tier2-higher-than-10-prod-blue-border">

<div class="product__info-wrapper">
<span class="product__name">Bošácka slivovica 52%</span>
<div class="product__secondary-text">
<div>
súdok, 0,5 l                            </div>
<span>Pôvodná cena:</span>
<span class="product__price-text">18,99
(1 l=37,98 €)                </span>
<div class="product__price-cc-text">
<span>s Clubcard:</span>
</div>
<span class="product__price-cc-text">15,19</span>
(1 l=30,38 €)        </div>
<div class="product__discount-percentage">
<div class="product__discount-normal-price">
18,99
</div>
<div class="discount-percentage__text">
<span>
-20
<span class="discount__percentage-sign">%</span>
</span>
</div>
</div>
<div class="product__price-wrapper-outer-box">
<div class="product__price-wrapper">
<div class="product__price ">
<span class="price__left-part">
15,19
</span>
</div>
<div class="product__cc-price-text">
Clubcard ceny
</div>
</div>
</div>
</div>
<div class="product__img-wrapper">
<div class="product__img-holder">
<img data-src="/img/opt/tescoce_sk/products/2022-11-16/png/bosacka-slivovica-52-2002121482460-1-5k.png" src="/img/lq/tescoce_sk/products/2022-11-16/png/bosacka-slivovica-52-2002121482460-1-5k.png" alt="Bošácka slivovica 52%"//><noscript><img src="/img/opt/tescoce_sk/products/2022-11-16/png/bosacka-slivovica-52-2002121482460-1-5k.png" alt="Bošácka slivovica 52%"//></noscript>
</div>
<img
class="country-flag"
src="/img/npc/flags/slovak.svg"
alt="szlovák zászló"
/>
</div>
</div>                                                            </a>
<div class="shopping-list-parts">
<div class="add-button">
<i class="icon">
<svg viewBox="0 0 24 24" width="100%" height="100%">
<line x1="3" y1="12" x2="21" y2="12"></line>
<line x1="12" y1="3" x2="12" y2="21"></line>
</svg>
</i>
<div class="add-text ddl_link_inline address addtoshoppinglist">
<div>
<span class="label_wrapper">
<span class="label">Pridať do zoznamu</span>
</span>
</div>
</div>
<span class="added-text">Pridané do <a
href="/akciove-ponuky/nakupny-zoznam/"
title="zoznamu"
target="_blank">zoznamu</a></span>
</div>
<div class="add-item">
<div class="add-item__inner">
<div class="newddl-text-field newddl-quantity qty_div">
<div class="newddl-button blue icon-bg standalone search-icon no-float less-button disabled">
<i class="icon">
<svg viewBox="0 0 24 8" width="100%" height="100%">
<line x1="3" y1="4" x2="21" y2="4"></line>
</svg>
</i>
</div>
<input type="text" class="newddl-quantity-input qty" value="1" min="1"
tabindex="0">
<div class="newddl-button blue icon-bg standalone search-icon no-float more-button">
<i class="icon">
<svg viewBox="0 0 24 24" width="100%" height="100%">
<line x1="3" y1="12" x2="21" y2="12"></line>
<line x1="12" y1="3" x2="12" y2="21"></line>
</svg>
</i>
</div>
</div>
<div class="newddl-button blue secondary no-float no-icon min-width accept-button add_to_basket"
onclick="addToBasket(this)"
data-template="/akciove-ponuky/nakupny-zoznam"
data-prod_id="1189922">
<span class="link-label">
Pridať do zoznamu                                              </span>
</div>
<div class="cancel-link"><a href="#cancel"
title="Zrušiť"
tabindex="0">Zrušiť</a>
</div>
</div>
</div>
<div class="added-item" style="">
<p class="t2 nddl">Pridané do <a
href="/akciove-ponuky/nakupny-zoznam/"
title="zoznamu"
target="_blank"
tabindex="0">zoznamu</a>
</p>
<a href="/akciove-ponuky/nakupny-zoznam/"
class="newddl-button blue secondary no-float no-icon min-width edit-button"
title="Upraviť zoznam" target="_blank"
tabindex="0">
<span class="link-label">Upraviť zoznam</span>
</a>
</div>
</div>
</div>

</div>
<div class="a-productListing__productsGrid__element">
<div class="ddl-product-lol  xEqHeights soon-expire"
title="Bošácka slivovica extra 52%">
<div class="status-bar cf">
<div class="hovershowtooltip">
<div class="inner">
Ponuka je platná do 31.12.2022.
</div>
<div class="arrow-container">
<div class="arrow-down"></div>
<div class="arrow-down-fg"></div>
</div>
</div>
<a href="https://potravinydomov.itesco.sk/groceries/sk-SK/products/2002020052192"
class="newddl-button left transparent ghs-link"
tabindex="0" target="_blank">
<i class="icon">
<svg xmlns="http://www.w3.org/2000/svg"
xmlns:xlink="http://www.w3.org/1999/xlink"
style="width: 20px !important" height="13" viewBox="0 0 23 13">
<defs>
<path id="clxfa"
d="M33.33 21.44c.44.1.67.38.67.8v3.1c0 .47-.38.84-.84.84h-.9a2.2 2.2 0 0 1-2.18 1.8 2.2 2.2 0 0 1-2.17-1.8h-7.9a2.22 2.22 0 0 1-2.2 1.82c-1.1 0-2-.79-2.19-1.82h-1.66c-.97 0-1.15-.92-1.25-1.41l-1.04-4.25-.41-.27a.3.3 0 0 1-.14-.23L11 18.73c0-.84.66-1.5 1.48-1.5h2.3l-.14.15a.46.46 0 0 0 0 .66.47.47 0 0 0 .66 0l.8-.8h.01l2.11-2.1c.14-.14.41-.19.58-.09.15.09.24.24.24.4 0 .13-.05.24-.14.33l-1.47 1.46h4.39l-1.47-1.46a.46.46 0 0 1 .1-.73c.17-.1.43-.05.57.1L24 18.08c.08.06.18.1.28.1.17 0 .32-.09.4-.24.1-.17.05-.43-.09-.57l-.14-.14h2.31c.77 0 1.39.57 1.47 1.3h1.75c.22 0 .8 0 1.03.71l.8 1.94zM28.7 25.8c0 .75.62 1.36 1.37 1.36.86 0 1.54-.77 1.35-1.65-.1-.52-.53-.93-1.05-1.04a1.38 1.38 0 0 0-1.67 1.33zm-2.17-1c-.05.23-.12.44-.22.63h1.6a2.2 2.2 0 0 1 2.16-1.81c1.09 0 2 .76 2.18 1.8h.9c.04 0 .07-.03.07-.06v-3.11-.04l-.06-.01-1.7-.28a.39.39 0 0 1-.3-.23l-.9-2.2c-.05-.16-.08-.17-.29-.17h-1.77-.02l-.06.71a.3.3 0 0 1-.14.23l-.41.27zm-8.25-4.07a.42.42 0 0 0-.42.43l.29 2.69a.42.42 0 1 0 .83-.02l-.28-2.69a.42.42 0 0 0-.42-.4zm-3 3.15c.02.21.2.38.41.38h.04a.42.42 0 0 0 .38-.46l-.43-2.69a.41.41 0 0 0-.45-.38.42.42 0 0 0-.38.46zm2.53 3.27c.61 0 1.13-.4 1.3-.96h-2.6c.16.56.68.96 1.3.96zm4.11-6a.42.42 0 0 0-.41-.42.41.41 0 0 0-.42.4l-.28 2.72c0 .22.18.4.41.4.23 0 .42-.18.42-.39zm2.17 3.1c.22 0 .4-.16.42-.36l.43-2.71a.41.41 0 0 0-.38-.45.42.42 0 0 0-.45.37l-.43 2.71c-.01.11.02.22.1.3.07.09.17.14.28.15z"></path>
</defs>
<g>
<g clip-path="url(#clip-72B53A8F-48D2-421E-9EC9-9A8CE7DC52A1)"
transform="translate(-11 -15)">
<use fill="#00549e" stroke="none" xlink:href="#clxfa"></use>
</g>
</g>
</svg>
</i>
<div class="ddl_link_inline address shoponline"
style="display: inline-block; vertical-align: middle;">
<span class="link">
<span class="label_wrapper">
<span class="label">
Kúpiť teraz                                                    </span>
</span>
</span>
</div>
</a>
<div class="promo-countdown -lessThan48">

<i class="icon -lessThan48">
<svg xmlns="http://www.w3.org/2000/svg"
xmlns:xlink="http://www.w3.org/1999/xlink" width="22"
height="22" viewBox="0 0 22 22">
<defs>
<path id="ywjka"
d="M216.5 21a9.5 9.5 0 1 1-19 0 9.5 9.5 0 0 1 19 0z"/>
<path id="ywjkb" d="M207 14.5v7h-5"/>
</defs>
<g>
<g transform="translate(-196 -10)">
<use fill="#fff" fill-opacity="0" stroke="#fff"
stroke-miterlimit="50"
stroke-width="1.2" xlink:href="#ywjka"/>
</g>
<g transform="translate(-196 -10)">
<use fill="#fff" fill-opacity="0" stroke="#fff"
stroke-miterlimit="50"
stroke-width="1.2" xlink:href="#ywjkb"/>
</g>
</g>
</svg>
</i>

<i class="icon normal">
<svg xmlns="http://www.w3.org/2000/svg"
xmlns:xlink="http://www.w3.org/1999/xlink" width="22"
height="22" viewBox="0 0 22 22">
<defs>
<path id="ywjka"
d="M216.5 21a9.5 9.5 0 1 1-19 0 9.5 9.5 0 0 1 19 0z"/>
<path id="ywjkb" d="M207 14.5v7h-5"/>
</defs>
<g>
<g transform="translate(-196 -10)">
<use fill="#00539F" fill-opacity="0" stroke="#00539F"
stroke-miterlimit="50"
stroke-width="1.2" xlink:href="#ywjka"/>
</g>
<g transform="translate(-196 -10)">
<use fill="#00539F" fill-opacity="0" stroke="#00539F"
stroke-miterlimit="50"
stroke-width="1.2" xlink:href="#ywjkb"/>
</g>
</g>
</svg>
</i>

<div class="promo-countdown-wrapper">
<p>Zľava končí</p>
<b data-countdown="2023/01/01 0:00:00"
data-count-down-dur-locale="&quot;{\&quot;S\&quot;:\&quot;m\&quot;,\&quot;SS\&quot;:\&quot;m\&quot;,\&quot;s\&quot;:\&quot;d\&quot;,\&quot;ss\&quot;:\&quot;s\&quot;,\&quot;m\&quot;:\&quot;m\&quot;,\&quot;mm\&quot;:\&quot;m\&quot;,\&quot;h\&quot;:\&quot;h\&quot;,\&quot;hh\&quot;:\&quot;h\&quot;,\&quot;d\&quot;:\&quot;d\&quot;,\&quot;dd\&quot;:\&quot;d\&quot;,\&quot;w\&quot;:\&quot;t\&quot;,\&quot;ww\&quot;:\&quot;t\&quot;,\&quot;M\&quot;:\&quot;m\&quot;,\&quot;MM\&quot;:\&quot;m\&quot;,\&quot;y\&quot;:\&quot;r\&quot;,\&quot;yy\&quot;:\&quot;l\&quot;}&quot;"></b>
</div>
</div>
</div>
<a href="/akciove-ponuky/akciove-produkty/produkt/napoje/liehoviny-a-likery/bosacka-slivovica-extra-52/"
class="details-box" tabindex="0">
<div class="product__inner cc-tier2-higher-than-10-prod-blue-border">

<div class="product__info-wrapper">
<span class="product__name">Bošácka slivovica extra 52%</span>
<div class="product__secondary-text">
<div>
0,7 l                            </div>
<span>Pôvodná cena:</span>
<span class="product__price-text">19,99
(1 l=28,56 €)                </span>
<div class="product__price-cc-text">
<span>s Clubcard:</span>
</div>
<span class="product__price-cc-text">15,99</span>
(1 l=22,84 €)        </div>
<div class="product__discount-percentage">
<div class="product__discount-normal-price">
19,99
</div>
<div class="discount-percentage__text">
<span>
-20
<span class="discount__percentage-sign">%</span>
</span>
</div>
</div>
<div class="product__price-wrapper-outer-box">
<div class="product__price-wrapper">
<div class="product__price ">
<span class="price__left-part">
15,99
</span>
</div>
<div class="product__cc-price-text">
Clubcard ceny
</div>
</div>
</div>
</div>
<div class="product__img-wrapper">
<div class="product__img-holder">
<img data-src="/img/opt/tescoce_sk/products/2022-12-14/png/bosacka-slivovica-extra-52-2002020052192-1-5k.png" src="/img/lq/tescoce_sk/products/2022-12-14/png/bosacka-slivovica-extra-52-2002020052192-1-5k.png" alt="Bošácka slivovica extra 52%"//><noscript><img src="/img/opt/tescoce_sk/products/2022-12-14/png/bosacka-slivovica-extra-52-2002020052192-1-5k.png" alt="Bošácka slivovica extra 52%"//></noscript>
</div>
<img
class="country-flag"
src="/img/npc/flags/slovak.svg"
alt="szlovák zászló"
/>
</div>
</div>                                                            </a>
<div class="shopping-list-parts">
<div class="add-button">
<i class="icon">
<svg viewBox="0 0 24 24" width="100%" height="100%">
<line x1="3" y1="12" x2="21" y2="12"></line>
<line x1="12" y1="3" x2="12" y2="21"></line>
</svg>
</i>
<div class="add-text ddl_link_inline address addtoshoppinglist">
<div>
<span class="label_wrapper">
<span class="label">Pridať do zoznamu</span>
</span>
</div>
</div>
<span class="added-text">Pridané do <a
href="/akciove-ponuky/nakupny-zoznam/"
title="zoznamu"
target="_blank">zoznamu</a></span>
</div>
<div class="add-item">
<div class="add-item__inner">
<div class="newddl-text-field newddl-quantity qty_div">
<div class="newddl-button blue icon-bg standalone search-icon no-float less-button disabled">
<i class="icon">
<svg viewBox="0 0 24 8" width="100%" height="100%">
<line x1="3" y1="4" x2="21" y2="4"></line>
</svg>
</i>
</div>
<input type="text" class="newddl-quantity-input qty" value="1" min="1"
tabindex="0">
<div class="newddl-button blue icon-bg standalone search-icon no-float more-button">
<i class="icon">
<svg viewBox="0 0 24 24" width="100%" height="100%">
<line x1="3" y1="12" x2="21" y2="12"></line>
<line x1="12" y1="3" x2="12" y2="21"></line>
</svg>
</i>
</div>
</div>
<div class="newddl-button blue secondary no-float no-icon min-width accept-button add_to_basket"
onclick="addToBasket(this)"
data-template="/akciove-ponuky/nakupny-zoznam"
data-prod_id="1211412">
<span class="link-label">
Pridať do zoznamu                                              </span>
</div>
<div class="cancel-link"><a href="#cancel"
title="Zrušiť"
tabindex="0">Zrušiť</a>
</div>
</div>
</div>
<div class="added-item" style="">
<p class="t2 nddl">Pridané do <a
href="/akciove-ponuky/nakupny-zoznam/"
title="zoznamu"
target="_blank"
tabindex="0">zoznamu</a>
</p>
<a href="/akciove-ponuky/nakupny-zoznam/"
class="newddl-button blue secondary no-float no-icon min-width edit-button"
title="Upraviť zoznam" target="_blank"
tabindex="0">
<span class="link-label">Upraviť zoznam</span>
</a>
</div>
</div>
</div>

</div>
<div class="a-productListing__productsGrid__element">
<div class="ddl-product-lol  xEqHeights soon-expire"
title="Božkov Republika 38%">
<div class="status-bar cf">
<div class="hovershowtooltip">
<div class="inner">
Ponuka je platná do 31.12.2022.
</div>
<div class="arrow-container">
<div class="arrow-down"></div>
<div class="arrow-down-fg"></div>
</div>
</div>
<a href="https://potravinydomov.itesco.sk/groceries/sk-SK/products/2002020323526"
class="newddl-button left transparent ghs-link"
tabindex="0" target="_blank">
<i class="icon">
<svg xmlns="http://www.w3.org/2000/svg"
xmlns:xlink="http://www.w3.org/1999/xlink"
style="width: 20px !important" height="13" viewBox="0 0 23 13">
<defs>
<path id="clxfa"
d="M33.33 21.44c.44.1.67.38.67.8v3.1c0 .47-.38.84-.84.84h-.9a2.2 2.2 0 0 1-2.18 1.8 2.2 2.2 0 0 1-2.17-1.8h-7.9a2.22 2.22 0 0 1-2.2 1.82c-1.1 0-2-.79-2.19-1.82h-1.66c-.97 0-1.15-.92-1.25-1.41l-1.04-4.25-.41-.27a.3.3 0 0 1-.14-.23L11 18.73c0-.84.66-1.5 1.48-1.5h2.3l-.14.15a.46.46 0 0 0 0 .66.47.47 0 0 0 .66 0l.8-.8h.01l2.11-2.1c.14-.14.41-.19.58-.09.15.09.24.24.24.4 0 .13-.05.24-.14.33l-1.47 1.46h4.39l-1.47-1.46a.46.46 0 0 1 .1-.73c.17-.1.43-.05.57.1L24 18.08c.08.06.18.1.28.1.17 0 .32-.09.4-.24.1-.17.05-.43-.09-.57l-.14-.14h2.31c.77 0 1.39.57 1.47 1.3h1.75c.22 0 .8 0 1.03.71l.8 1.94zM28.7 25.8c0 .75.62 1.36 1.37 1.36.86 0 1.54-.77 1.35-1.65-.1-.52-.53-.93-1.05-1.04a1.38 1.38 0 0 0-1.67 1.33zm-2.17-1c-.05.23-.12.44-.22.63h1.6a2.2 2.2 0 0 1 2.16-1.81c1.09 0 2 .76 2.18 1.8h.9c.04 0 .07-.03.07-.06v-3.11-.04l-.06-.01-1.7-.28a.39.39 0 0 1-.3-.23l-.9-2.2c-.05-.16-.08-.17-.29-.17h-1.77-.02l-.06.71a.3.3 0 0 1-.14.23l-.41.27zm-8.25-4.07a.42.42 0 0 0-.42.43l.29 2.69a.42.42 0 1 0 .83-.02l-.28-2.69a.42.42 0 0 0-.42-.4zm-3 3.15c.02.21.2.38.41.38h.04a.42.42 0 0 0 .38-.46l-.43-2.69a.41.41 0 0 0-.45-.38.42.42 0 0 0-.38.46zm2.53 3.27c.61 0 1.13-.4 1.3-.96h-2.6c.16.56.68.96 1.3.96zm4.11-6a.42.42 0 0 0-.41-.42.41.41 0 0 0-.42.4l-.28 2.72c0 .22.18.4.41.4.23 0 .42-.18.42-.39zm2.17 3.1c.22 0 .4-.16.42-.36l.43-2.71a.41.41 0 0 0-.38-.45.42.42 0 0 0-.45.37l-.43 2.71c-.01.11.02.22.1.3.07.09.17.14.28.15z"></path>
</defs>
<g>
<g clip-path="url(#clip-72B53A8F-48D2-421E-9EC9-9A8CE7DC52A1)"
transform="translate(-11 -15)">
<use fill="#00549e" stroke="none" xlink:href="#clxfa"></use>
</g>
</g>
</svg>
</i>
<div class="ddl_link_inline address shoponline"
style="display: inline-block; vertical-align: middle;">
<span class="link">
<span class="label_wrapper">
<span class="label">
Kúpiť teraz                                                    </span>
</span>
</span>
</div>
</a>
<div class="promo-countdown -lessThan48">

<i class="icon -lessThan48">
<svg xmlns="http://www.w3.org/2000/svg"
xmlns:xlink="http://www.w3.org/1999/xlink" width="22"
height="22" viewBox="0 0 22 22">
<defs>
<path id="ywjka"
d="M216.5 21a9.5 9.5 0 1 1-19 0 9.5 9.5 0 0 1 19 0z"/>
<path id="ywjkb" d="M207 14.5v7h-5"/>
</defs>
<g>
<g transform="translate(-196 -10)">
<use fill="#fff" fill-opacity="0" stroke="#fff"
stroke-miterlimit="50"
stroke-width="1.2" xlink:href="#ywjka"/>
</g>
<g transform="translate(-196 -10)">
<use fill="#fff" fill-opacity="0" stroke="#fff"
stroke-miterlimit="50"
stroke-width="1.2" xlink:href="#ywjkb"/>
</g>
</g>
</svg>
</i>

<i class="icon normal">
<svg xmlns="http://www.w3.org/2000/svg"
xmlns:xlink="http://www.w3.org/1999/xlink" width="22"
height="22" viewBox="0 0 22 22">
<defs>
<path id="ywjka"
d="M216.5 21a9.5 9.5 0 1 1-19 0 9.5 9.5 0 0 1 19 0z"/>
<path id="ywjkb" d="M207 14.5v7h-5"/>
</defs>
<g>
<g transform="translate(-196 -10)">
<use fill="#00539F" fill-opacity="0" stroke="#00539F"
stroke-miterlimit="50"
stroke-width="1.2" xlink:href="#ywjka"/>
</g>
<g transform="translate(-196 -10)">
<use fill="#00539F" fill-opacity="0" stroke="#00539F"
stroke-miterlimit="50"
stroke-width="1.2" xlink:href="#ywjkb"/>
</g>
</g>
</svg>
</i>

<div class="promo-countdown-wrapper">
<p>Zľava končí</p>
<b data-countdown="2023/01/01 0:00:00"
data-count-down-dur-locale="&quot;{\&quot;S\&quot;:\&quot;m\&quot;,\&quot;SS\&quot;:\&quot;m\&quot;,\&quot;s\&quot;:\&quot;d\&quot;,\&quot;ss\&quot;:\&quot;s\&quot;,\&quot;m\&quot;:\&quot;m\&quot;,\&quot;mm\&quot;:\&quot;m\&quot;,\&quot;h\&quot;:\&quot;h\&quot;,\&quot;hh\&quot;:\&quot;h\&quot;,\&quot;d\&quot;:\&quot;d\&quot;,\&quot;dd\&quot;:\&quot;d\&quot;,\&quot;w\&quot;:\&quot;t\&quot;,\&quot;ww\&quot;:\&quot;t\&quot;,\&quot;M\&quot;:\&quot;m\&quot;,\&quot;MM\&quot;:\&quot;m\&quot;,\&quot;y\&quot;:\&quot;r\&quot;,\&quot;yy\&quot;:\&quot;l\&quot;}&quot;"></b>
</div>
</div>
</div>
<a href="/akciove-ponuky/akciove-produkty/produkt/napoje/liehoviny-a-likery/bozkov-republika-38/"
class="details-box" tabindex="0">
<div class="product__inner cc-tier2-higher-than-10-prod-blue-border">

<div class="product__info-wrapper">
<span class="product__name">Božkov Republika 38%</span>
<div class="product__secondary-text">
<div>
0,5 l + ploskačka                            </div>
<span>Pôvodná cena:</span>
<span class="product__price-text">18,99
(1 l=37,98 €)                </span>
<div class="product__price-cc-text">
<span>s Clubcard:</span>
</div>
<span class="product__price-cc-text">15,19</span>
(1 l=30,38 €)        </div>
<div class="product__discount-percentage">
<div class="product__discount-normal-price">
18,99
</div>
<div class="discount-percentage__text">
<span>
-20
<span class="discount__percentage-sign">%</span>
</span>
</div>
</div>
<div class="product__price-wrapper-outer-box">
<div class="product__price-wrapper">
<div class="product__price ">
<span class="price__left-part">
15,19
</span>
</div>
<div class="product__cc-price-text">
Clubcard ceny
</div>
</div>
</div>
</div>
<div class="product__img-wrapper">
<div class="product__img-holder">
<img data-src="/img/opt/tescoce_sk/products/2022-12-07/png/bozkov-republika-38-2002020323526-1-5k.png" src="/img/lq/tescoce_sk/products/2022-12-07/png/bozkov-republika-38-2002020323526-1-5k.png" alt="Božkov Republika 38%"//><noscript><img src="/img/opt/tescoce_sk/products/2022-12-07/png/bozkov-republika-38-2002020323526-1-5k.png" alt="Božkov Republika 38%"//></noscript>
</div>
<img
class="country-flag"
src=""
alt=""
/>
</div>
</div>                                                            </a>
<div class="shopping-list-parts">
<div class="add-button">
<i class="icon">
<svg viewBox="0 0 24 24" width="100%" height="100%">
<line x1="3" y1="12" x2="21" y2="12"></line>
<line x1="12" y1="3" x2="12" y2="21"></line>
</svg>
</i>
<div class="add-text ddl_link_inline address addtoshoppinglist">
<div>
<span class="label_wrapper">
<span class="label">Pridať do zoznamu</span>
</span>
</div>
</div>
<span class="added-text">Pridané do <a
href="/akciove-ponuky/nakupny-zoznam/"
title="zoznamu"
target="_blank">zoznamu</a></span>
</div>
<div class="add-item">
<div class="add-item__inner">
<div class="newddl-text-field newddl-quantity qty_div">
<div class="newddl-button blue icon-bg standalone search-icon no-float less-button disabled">
<i class="icon">
<svg viewBox="0 0 24 8" width="100%" height="100%">
<line x1="3" y1="4" x2="21" y2="4"></line>
</svg>
</i>
</div>
<input type="text" class="newddl-quantity-input qty" value="1" min="1"
tabindex="0">
<div class="newddl-button blue icon-bg standalone search-icon no-float more-button">
<i class="icon">
<svg viewBox="0 0 24 24" width="100%" height="100%">
<line x1="3" y1="12" x2="21" y2="12"></line>
<line x1="12" y1="3" x2="12" y2="21"></line>
</svg>
</i>
</div>
</div>
<div class="newddl-button blue secondary no-float no-icon min-width accept-button add_to_basket"
onclick="addToBasket(this)"
data-template="/akciove-ponuky/nakupny-zoznam"
data-prod_id="1205961">
<span class="link-label">
Pridať do zoznamu                                              </span>
</div>
<div class="cancel-link"><a href="#cancel"
title="Zrušiť"
tabindex="0">Zrušiť</a>
</div>
</div>
</div>
<div class="added-item" style="">
<p class="t2 nddl">Pridané do <a
href="/akciove-ponuky/nakupny-zoznam/"
title="zoznamu"
target="_blank"
tabindex="0">zoznamu</a>
</p>
<a href="/akciove-ponuky/nakupny-zoznam/"
class="newddl-button blue secondary no-float no-icon min-width edit-button"
title="Upraviť zoznam" target="_blank"
tabindex="0">
<span class="link-label">Upraviť zoznam</span>
</a>
</div>
</div>
</div>

</div>
<div class="a-productListing__productsGrid__element">
<div class="ddl-product-lol  xEqHeights soon-expire"
title="Božkov Republika Espresso 38%">
<div class="status-bar cf">
<div class="hovershowtooltip">
<div class="inner">
Ponuka je platná do 31.12.2022.
</div>
<div class="arrow-container">
<div class="arrow-down"></div>
<div class="arrow-down-fg"></div>
</div>
</div>
<a href="https://potravinydomov.itesco.sk/groceries/sk-SK/products/2002020323527"
class="newddl-button left transparent ghs-link"
tabindex="0" target="_blank">
<i class="icon">
<svg xmlns="http://www.w3.org/2000/svg"
xmlns:xlink="http://www.w3.org/1999/xlink"
style="width: 20px !important" height="13" viewBox="0 0 23 13">
<defs>
<path id="clxfa"
d="M33.33 21.44c.44.1.67.38.67.8v3.1c0 .47-.38.84-.84.84h-.9a2.2 2.2 0 0 1-2.18 1.8 2.2 2.2 0 0 1-2.17-1.8h-7.9a2.22 2.22 0 0 1-2.2 1.82c-1.1 0-2-.79-2.19-1.82h-1.66c-.97 0-1.15-.92-1.25-1.41l-1.04-4.25-.41-.27a.3.3 0 0 1-.14-.23L11 18.73c0-.84.66-1.5 1.48-1.5h2.3l-.14.15a.46.46 0 0 0 0 .66.47.47 0 0 0 .66 0l.8-.8h.01l2.11-2.1c.14-.14.41-.19.58-.09.15.09.24.24.24.4 0 .13-.05.24-.14.33l-1.47 1.46h4.39l-1.47-1.46a.46.46 0 0 1 .1-.73c.17-.1.43-.05.57.1L24 18.08c.08.06.18.1.28.1.17 0 .32-.09.4-.24.1-.17.05-.43-.09-.57l-.14-.14h2.31c.77 0 1.39.57 1.47 1.3h1.75c.22 0 .8 0 1.03.71l.8 1.94zM28.7 25.8c0 .75.62 1.36 1.37 1.36.86 0 1.54-.77 1.35-1.65-.1-.52-.53-.93-1.05-1.04a1.38 1.38 0 0 0-1.67 1.33zm-2.17-1c-.05.23-.12.44-.22.63h1.6a2.2 2.2 0 0 1 2.16-1.81c1.09 0 2 .76 2.18 1.8h.9c.04 0 .07-.03.07-.06v-3.11-.04l-.06-.01-1.7-.28a.39.39 0 0 1-.3-.23l-.9-2.2c-.05-.16-.08-.17-.29-.17h-1.77-.02l-.06.71a.3.3 0 0 1-.14.23l-.41.27zm-8.25-4.07a.42.42 0 0 0-.42.43l.29 2.69a.42.42 0 1 0 .83-.02l-.28-2.69a.42.42 0 0 0-.42-.4zm-3 3.15c.02.21.2.38.41.38h.04a.42.42 0 0 0 .38-.46l-.43-2.69a.41.41 0 0 0-.45-.38.42.42 0 0 0-.38.46zm2.53 3.27c.61 0 1.13-.4 1.3-.96h-2.6c.16.56.68.96 1.3.96zm4.11-6a.42.42 0 0 0-.41-.42.41.41 0 0 0-.42.4l-.28 2.72c0 .22.18.4.41.4.23 0 .42-.18.42-.39zm2.17 3.1c.22 0 .4-.16.42-.36l.43-2.71a.41.41 0 0 0-.38-.45.42.42 0 0 0-.45.37l-.43 2.71c-.01.11.02.22.1.3.07.09.17.14.28.15z"></path>
</defs>
<g>
<g clip-path="url(#clip-72B53A8F-48D2-421E-9EC9-9A8CE7DC52A1)"
transform="translate(-11 -15)">
<use fill="#00549e" stroke="none" xlink:href="#clxfa"></use>
</g>
</g>
</svg>
</i>
<div class="ddl_link_inline address shoponline"
style="display: inline-block; vertical-align: middle;">
<span class="link">
<span class="label_wrapper">
<span class="label">
Kúpiť teraz                                                    </span>
</span>
</span>
</div>
</a>
<div class="promo-countdown -lessThan48">

<i class="icon -lessThan48">
<svg xmlns="http://www.w3.org/2000/svg"
xmlns:xlink="http://www.w3.org/1999/xlink" width="22"
height="22" viewBox="0 0 22 22">
<defs>
<path id="ywjka"
d="M216.5 21a9.5 9.5 0 1 1-19 0 9.5 9.5 0 0 1 19 0z"/>
<path id="ywjkb" d="M207 14.5v7h-5"/>
</defs>
<g>
<g transform="translate(-196 -10)">
<use fill="#fff" fill-opacity="0" stroke="#fff"
stroke-miterlimit="50"
stroke-width="1.2" xlink:href="#ywjka"/>
</g>
<g transform="translate(-196 -10)">
<use fill="#fff" fill-opacity="0" stroke="#fff"
stroke-miterlimit="50"
stroke-width="1.2" xlink:href="#ywjkb"/>
</g>
</g>
</svg>
</i>

<i class="icon normal">
<svg xmlns="http://www.w3.org/2000/svg"
xmlns:xlink="http://www.w3.org/1999/xlink" width="22"
height="22" viewBox="0 0 22 22">
<defs>
<path id="ywjka"
d="M216.5 21a9.5 9.5 0 1 1-19 0 9.5 9.5 0 0 1 19 0z"/>
<path id="ywjkb" d="M207 14.5v7h-5"/>
</defs>
<g>
<g transform="translate(-196 -10)">
<use fill="#00539F" fill-opacity="0" stroke="#00539F"
stroke-miterlimit="50"
stroke-width="1.2" xlink:href="#ywjka"/>
</g>
<g transform="translate(-196 -10)">
<use fill="#00539F" fill-opacity="0" stroke="#00539F"
stroke-miterlimit="50"
stroke-width="1.2" xlink:href="#ywjkb"/>
</g>
</g>
</svg>
</i>

<div class="promo-countdown-wrapper">
<p>Zľava končí</p>
<b data-countdown="2023/01/01 0:00:00"
data-count-down-dur-locale="&quot;{\&quot;S\&quot;:\&quot;m\&quot;,\&quot;SS\&quot;:\&quot;m\&quot;,\&quot;s\&quot;:\&quot;d\&quot;,\&quot;ss\&quot;:\&quot;s\&quot;,\&quot;m\&quot;:\&quot;m\&quot;,\&quot;mm\&quot;:\&quot;m\&quot;,\&quot;h\&quot;:\&quot;h\&quot;,\&quot;hh\&quot;:\&quot;h\&quot;,\&quot;d\&quot;:\&quot;d\&quot;,\&quot;dd\&quot;:\&quot;d\&quot;,\&quot;w\&quot;:\&quot;t\&quot;,\&quot;ww\&quot;:\&quot;t\&quot;,\&quot;M\&quot;:\&quot;m\&quot;,\&quot;MM\&quot;:\&quot;m\&quot;,\&quot;y\&quot;:\&quot;r\&quot;,\&quot;yy\&quot;:\&quot;l\&quot;}&quot;"></b>
</div>
</div>
</div>
<a href="/akciove-ponuky/akciove-produkty/produkt/napoje/liehoviny-a-likery/bozkov-republika-espresso-38/"
class="details-box" tabindex="0">
<div class="product__inner cc-tier2-higher-than-10-prod-blue-border">

<div class="product__info-wrapper">
<span class="product__name">Božkov Republika Espresso 38%</span>
<div class="product__secondary-text">
<div>
0,5 l + kanvička                            </div>
<span>Pôvodná cena:</span>
<span class="product__price-text">18,99
(1 l=37,98 €)                </span>
<div class="product__price-cc-text">
<span>s Clubcard:</span>
</div>
<span class="product__price-cc-text">15,19</span>
(1 l=30,38 €)        </div>
<div class="product__discount-percentage">
<div class="product__discount-normal-price">
18,99
</div>
<div class="discount-percentage__text">
<span>
-20
<span class="discount__percentage-sign">%</span>
</span>
</div>
</div>
<div class="product__price-wrapper-outer-box">
<div class="product__price-wrapper">
<div class="product__price ">
<span class="price__left-part">
15,19
</span>
</div>
<div class="product__cc-price-text">
Clubcard ceny
</div>
</div>
</div>
</div>
<div class="product__img-wrapper">
<div class="product__img-holder">
<img data-src="/img/opt/tescoce_sk/products/2022-11-30/png/bozkov-republika-espresso-38-2002020323527-1-5k.png" src="/img/lq/tescoce_sk/products/2022-11-30/png/bozkov-republika-espresso-38-2002020323527-1-5k.png" alt="Božkov Republika Espresso 38%"//><noscript><img src="/img/opt/tescoce_sk/products/2022-11-30/png/bozkov-republika-espresso-38-2002020323527-1-5k.png" alt="Božkov Republika Espresso 38%"//></noscript>
</div>
<img
class="country-flag"
src=""
alt=""
/>
</div>
</div>                                                            </a>
<div class="shopping-list-parts">
<div class="add-button">
<i class="icon">
<svg viewBox="0 0 24 24" width="100%" height="100%">
<line x1="3" y1="12" x2="21" y2="12"></line>
<line x1="12" y1="3" x2="12" y2="21"></line>
</svg>
</i>
<div class="add-text ddl_link_inline address addtoshoppinglist">
<div>
<span class="label_wrapper">
<span class="label">Pridať do zoznamu</span>
</span>
</div>
</div>
<span class="added-text">Pridané do <a
href="/akciove-ponuky/nakupny-zoznam/"
title="zoznamu"
target="_blank">zoznamu</a></span>
</div>
<div class="add-item">
<div class="add-item__inner">
<div class="newddl-text-field newddl-quantity qty_div">
<div class="newddl-button blue icon-bg standalone search-icon no-float less-button disabled">
<i class="icon">
<svg viewBox="0 0 24 8" width="100%" height="100%">
<line x1="3" y1="4" x2="21" y2="4"></line>
</svg>
</i>
</div>
<input type="text" class="newddl-quantity-input qty" value="1" min="1"
tabindex="0">
<div class="newddl-button blue icon-bg standalone search-icon no-float more-button">
<i class="icon">
<svg viewBox="0 0 24 24" width="100%" height="100%">
<line x1="3" y1="12" x2="21" y2="12"></line>
<line x1="12" y1="3" x2="12" y2="21"></line>
</svg>
</i>
</div>
</div>
<div class="newddl-button blue secondary no-float no-icon min-width accept-button add_to_basket"
onclick="addToBasket(this)"
data-template="/akciove-ponuky/nakupny-zoznam"
data-prod_id="1197822">
<span class="link-label">
Pridať do zoznamu                                              </span>
</div>
<div class="cancel-link"><a href="#cancel"
title="Zrušiť"
tabindex="0">Zrušiť</a>
</div>
</div>
</div>
<div class="added-item" style="">
<p class="t2 nddl">Pridané do <a
href="/akciove-ponuky/nakupny-zoznam/"
title="zoznamu"
target="_blank"
tabindex="0">zoznamu</a>
</p>
<a href="/akciove-ponuky/nakupny-zoznam/"
class="newddl-button blue secondary no-float no-icon min-width edit-button"
title="Upraviť zoznam" target="_blank"
tabindex="0">
<span class="link-label">Upraviť zoznam</span>
</a>
</div>
</div>
</div>

</div>
<div class="a-productListing__productsGrid__element">
<div class="ddl-product-lol  xEqHeights soon-expire"
title="Budvar 10°">
<div class="status-bar cf">
<div class="promo-countdown">

<i class="icon -lessThan48">
<svg xmlns="http://www.w3.org/2000/svg"
xmlns:xlink="http://www.w3.org/1999/xlink" width="22"
height="22" viewBox="0 0 22 22">
<defs>
<path id="ywjka"
d="M216.5 21a9.5 9.5 0 1 1-19 0 9.5 9.5 0 0 1 19 0z"/>
<path id="ywjkb" d="M207 14.5v7h-5"/>
</defs>
<g>
<g transform="translate(-196 -10)">
<use fill="#fff" fill-opacity="0" stroke="#fff"
stroke-miterlimit="50"
stroke-width="1.2" xlink:href="#ywjka"/>
</g>
<g transform="translate(-196 -10)">
<use fill="#fff" fill-opacity="0" stroke="#fff"
stroke-miterlimit="50"
stroke-width="1.2" xlink:href="#ywjkb"/>
</g>
</g>
</svg>
</i>

<i class="icon normal">
<svg xmlns="http://www.w3.org/2000/svg"
xmlns:xlink="http://www.w3.org/1999/xlink" width="22"
height="22" viewBox="0 0 22 22">
<defs>
<path id="ywjka"
d="M216.5 21a9.5 9.5 0 1 1-19 0 9.5 9.5 0 0 1 19 0z"/>
<path id="ywjkb" d="M207 14.5v7h-5"/>
</defs>
<g>
<g transform="translate(-196 -10)">
<use fill="#00539F" fill-opacity="0" stroke="#00539F"
stroke-miterlimit="50"
stroke-width="1.2" xlink:href="#ywjka"/>
</g>
<g transform="translate(-196 -10)">
<use fill="#00539F" fill-opacity="0" stroke="#00539F"
stroke-miterlimit="50"
stroke-width="1.2" xlink:href="#ywjkb"/>
</g>
</g>
</svg>
</i>

<div class="promo-countdown-wrapper">
<p>Zľava končí</p>
<b data-countdown="2023/01/04 0:00:00"
data-count-down-dur-locale="&quot;{\&quot;S\&quot;:\&quot;m\&quot;,\&quot;SS\&quot;:\&quot;m\&quot;,\&quot;s\&quot;:\&quot;d\&quot;,\&quot;ss\&quot;:\&quot;s\&quot;,\&quot;m\&quot;:\&quot;m\&quot;,\&quot;mm\&quot;:\&quot;m\&quot;,\&quot;h\&quot;:\&quot;h\&quot;,\&quot;hh\&quot;:\&quot;h\&quot;,\&quot;d\&quot;:\&quot;d\&quot;,\&quot;dd\&quot;:\&quot;d\&quot;,\&quot;w\&quot;:\&quot;t\&quot;,\&quot;ww\&quot;:\&quot;t\&quot;,\&quot;M\&quot;:\&quot;m\&quot;,\&quot;MM\&quot;:\&quot;m\&quot;,\&quot;y\&quot;:\&quot;r\&quot;,\&quot;yy\&quot;:\&quot;l\&quot;}&quot;"></b>
</div>
</div>
</div>
<a href="/akciove-ponuky/akciove-produkty/produkt/napoje/piva/budvar-10/"
class="details-box" tabindex="0">
<div class="product__inner cc-tier2-higher-than-10-prod-blue-border">

<div class="product__info-wrapper">
<span class="product__name">Budvar 10°</span>
<div class="product__secondary-text">
<div>
plechovka, 0,5 l 
Záloha za vratný obal 0,15                            </div>
<span>Pôvodná cena:</span>
<span class="product__price-text">0,79
(1 l=1,58 €)                </span>
<div class="product__price-cc-text">
<span>s Clubcard:</span>
</div>
<span class="product__price-cc-text">0,59</span>
(1 l=1,18 €)        </div>
<div class="product__discount-percentage">
<div class="product__discount-normal-price">
0,79
</div>
<div class="discount-percentage__text">
<span>
-25
<span class="discount__percentage-sign">%</span>
</span>
</div>
</div>
<div class="product__price-wrapper-outer-box">
<div class="product__price-wrapper">
<div class="product__price ">
<span class="price__left-part">
0,59
</span>
</div>
<div class="product__cc-price-text">
Clubcard ceny
</div>
</div>
</div>
</div>
<div class="product__img-wrapper">
<div class="product__img-holder">
<img data-src="/img/opt/tescoce_sk/products/2022-12-28/png/budvar-plech-2002121558452-1-5k.png" src="/img/lq/tescoce_sk/products/2022-12-28/png/budvar-plech-2002121558452-1-5k.png" alt="Budvar 10°"//><noscript><img src="/img/opt/tescoce_sk/products/2022-12-28/png/budvar-plech-2002121558452-1-5k.png" alt="Budvar 10°"//></noscript>
</div>
<img
class="country-flag"
src=""
alt=""
/>
</div>
</div>                                                            </a>
<div class="shopping-list-parts">
<div class="add-button">
<i class="icon">
<svg viewBox="0 0 24 24" width="100%" height="100%">
<line x1="3" y1="12" x2="21" y2="12"></line>
<line x1="12" y1="3" x2="12" y2="21"></line>
</svg>
</i>
<div class="add-text ddl_link_inline address addtoshoppinglist">
<div>
<span class="label_wrapper">
<span class="label">Pridať do zoznamu</span>
</span>
</div>
</div>
<span class="added-text">Pridané do <a
href="/akciove-ponuky/nakupny-zoznam/"
title="zoznamu"
target="_blank">zoznamu</a></span>
</div>
<div class="add-item">
<div class="add-item__inner">
<div class="newddl-text-field newddl-quantity qty_div">
<div class="newddl-button blue icon-bg standalone search-icon no-float less-button disabled">
<i class="icon">
<svg viewBox="0 0 24 8" width="100%" height="100%">
<line x1="3" y1="4" x2="21" y2="4"></line>
</svg>
</i>
</div>
<input type="text" class="newddl-quantity-input qty" value="1" min="1"
tabindex="0">
<div class="newddl-button blue icon-bg standalone search-icon no-float more-button">
<i class="icon">
<svg viewBox="0 0 24 24" width="100%" height="100%">
<line x1="3" y1="12" x2="21" y2="12"></line>
<line x1="12" y1="3" x2="12" y2="21"></line>
</svg>
</i>
</div>
</div>
<div class="newddl-button blue secondary no-float no-icon min-width accept-button add_to_basket"
onclick="addToBasket(this)"
data-template="/akciove-ponuky/nakupny-zoznam"
data-prod_id="1215942">
<span class="link-label">
Pridať do zoznamu                                              </span>
</div>
<div class="cancel-link"><a href="#cancel"
title="Zrušiť"
tabindex="0">Zrušiť</a>
</div>
</div>
</div>
<div class="added-item" style="">
<p class="t2 nddl">Pridané do <a
href="/akciove-ponuky/nakupny-zoznam/"
title="zoznamu"
target="_blank"
tabindex="0">zoznamu</a>
</p>
<a href="/akciove-ponuky/nakupny-zoznam/"
class="newddl-button blue secondary no-float no-icon min-width edit-button"
title="Upraviť zoznam" target="_blank"
tabindex="0">
<span class="link-label">Upraviť zoznam</span>
</a>
</div>
</div>
</div>

</div>
<div class="a-productListing__productsGrid__element">
<div class="ddl-product-lol  xEqHeights soon-expire"
title="Budvar 12°">
<div class="status-bar cf">
<div class="hovershowtooltip">
<div class="inner">
Ponuka je platná do 03.01.2023.
</div>
<div class="arrow-container">
<div class="arrow-down"></div>
<div class="arrow-down-fg"></div>
</div>
</div>
<a href="https://potravinydomov.itesco.sk/groceries/sk-SK/products/2002006558941"
class="newddl-button left transparent ghs-link"
tabindex="0" target="_blank">
<i class="icon">
<svg xmlns="http://www.w3.org/2000/svg"
xmlns:xlink="http://www.w3.org/1999/xlink"
style="width: 20px !important" height="13" viewBox="0 0 23 13">
<defs>
<path id="clxfa"
d="M33.33 21.44c.44.1.67.38.67.8v3.1c0 .47-.38.84-.84.84h-.9a2.2 2.2 0 0 1-2.18 1.8 2.2 2.2 0 0 1-2.17-1.8h-7.9a2.22 2.22 0 0 1-2.2 1.82c-1.1 0-2-.79-2.19-1.82h-1.66c-.97 0-1.15-.92-1.25-1.41l-1.04-4.25-.41-.27a.3.3 0 0 1-.14-.23L11 18.73c0-.84.66-1.5 1.48-1.5h2.3l-.14.15a.46.46 0 0 0 0 .66.47.47 0 0 0 .66 0l.8-.8h.01l2.11-2.1c.14-.14.41-.19.58-.09.15.09.24.24.24.4 0 .13-.05.24-.14.33l-1.47 1.46h4.39l-1.47-1.46a.46.46 0 0 1 .1-.73c.17-.1.43-.05.57.1L24 18.08c.08.06.18.1.28.1.17 0 .32-.09.4-.24.1-.17.05-.43-.09-.57l-.14-.14h2.31c.77 0 1.39.57 1.47 1.3h1.75c.22 0 .8 0 1.03.71l.8 1.94zM28.7 25.8c0 .75.62 1.36 1.37 1.36.86 0 1.54-.77 1.35-1.65-.1-.52-.53-.93-1.05-1.04a1.38 1.38 0 0 0-1.67 1.33zm-2.17-1c-.05.23-.12.44-.22.63h1.6a2.2 2.2 0 0 1 2.16-1.81c1.09 0 2 .76 2.18 1.8h.9c.04 0 .07-.03.07-.06v-3.11-.04l-.06-.01-1.7-.28a.39.39 0 0 1-.3-.23l-.9-2.2c-.05-.16-.08-.17-.29-.17h-1.77-.02l-.06.71a.3.3 0 0 1-.14.23l-.41.27zm-8.25-4.07a.42.42 0 0 0-.42.43l.29 2.69a.42.42 0 1 0 .83-.02l-.28-2.69a.42.42 0 0 0-.42-.4zm-3 3.15c.02.21.2.38.41.38h.04a.42.42 0 0 0 .38-.46l-.43-2.69a.41.41 0 0 0-.45-.38.42.42 0 0 0-.38.46zm2.53 3.27c.61 0 1.13-.4 1.3-.96h-2.6c.16.56.68.96 1.3.96zm4.11-6a.42.42 0 0 0-.41-.42.41.41 0 0 0-.42.4l-.28 2.72c0 .22.18.4.41.4.23 0 .42-.18.42-.39zm2.17 3.1c.22 0 .4-.16.42-.36l.43-2.71a.41.41 0 0 0-.38-.45.42.42 0 0 0-.45.37l-.43 2.71c-.01.11.02.22.1.3.07.09.17.14.28.15z"></path>
</defs>
<g>
<g clip-path="url(#clip-72B53A8F-48D2-421E-9EC9-9A8CE7DC52A1)"
transform="translate(-11 -15)">
<use fill="#00549e" stroke="none" xlink:href="#clxfa"></use>
</g>
</g>
</svg>
</i>
<div class="ddl_link_inline address shoponline"
style="display: inline-block; vertical-align: middle;">
<span class="link">
<span class="label_wrapper">
<span class="label">
Kúpiť teraz                                                    </span>
</span>
</span>
</div>
</a>
<div class="promo-countdown">

<i class="icon -lessThan48">
<svg xmlns="http://www.w3.org/2000/svg"
xmlns:xlink="http://www.w3.org/1999/xlink" width="22"
height="22" viewBox="0 0 22 22">
<defs>
<path id="ywjka"
d="M216.5 21a9.5 9.5 0 1 1-19 0 9.5 9.5 0 0 1 19 0z"/>
<path id="ywjkb" d="M207 14.5v7h-5"/>
</defs>
<g>
<g transform="translate(-196 -10)">
<use fill="#fff" fill-opacity="0" stroke="#fff"
stroke-miterlimit="50"
stroke-width="1.2" xlink:href="#ywjka"/>
</g>
<g transform="translate(-196 -10)">
<use fill="#fff" fill-opacity="0" stroke="#fff"
stroke-miterlimit="50"
stroke-width="1.2" xlink:href="#ywjkb"/>
</g>
</g>
</svg>
</i>

<i class="icon normal">
<svg xmlns="http://www.w3.org/2000/svg"
xmlns:xlink="http://www.w3.org/1999/xlink" width="22"
height="22" viewBox="0 0 22 22">
<defs>
<path id="ywjka"
d="M216.5 21a9.5 9.5 0 1 1-19 0 9.5 9.5 0 0 1 19 0z"/>
<path id="ywjkb" d="M207 14.5v7h-5"/>
</defs>
<g>
<g transform="translate(-196 -10)">
<use fill="#00539F" fill-opacity="0" stroke="#00539F"
stroke-miterlimit="50"
stroke-width="1.2" xlink:href="#ywjka"/>
</g>
<g transform="translate(-196 -10)">
<use fill="#00539F" fill-opacity="0" stroke="#00539F"
stroke-miterlimit="50"
stroke-width="1.2" xlink:href="#ywjkb"/>
</g>
</g>
</svg>
</i>

<div class="promo-countdown-wrapper">
<p>Zľava končí</p>
<b data-countdown="2023/01/04 0:00:00"
data-count-down-dur-locale="&quot;{\&quot;S\&quot;:\&quot;m\&quot;,\&quot;SS\&quot;:\&quot;m\&quot;,\&quot;s\&quot;:\&quot;d\&quot;,\&quot;ss\&quot;:\&quot;s\&quot;,\&quot;m\&quot;:\&quot;m\&quot;,\&quot;mm\&quot;:\&quot;m\&quot;,\&quot;h\&quot;:\&quot;h\&quot;,\&quot;hh\&quot;:\&quot;h\&quot;,\&quot;d\&quot;:\&quot;d\&quot;,\&quot;dd\&quot;:\&quot;d\&quot;,\&quot;w\&quot;:\&quot;t\&quot;,\&quot;ww\&quot;:\&quot;t\&quot;,\&quot;M\&quot;:\&quot;m\&quot;,\&quot;MM\&quot;:\&quot;m\&quot;,\&quot;y\&quot;:\&quot;r\&quot;,\&quot;yy\&quot;:\&quot;l\&quot;}&quot;"></b>
</div>
</div>
</div>
<a href="/akciove-ponuky/akciove-produkty/produkt/napoje/piva/budvar-12-1/"
class="details-box" tabindex="0">
<div class="product__inner cc-tier2-higher-than-10-prod-blue-border">

<div class="product__info-wrapper">
<span class="product__name">Budvar 12°</span>
<div class="product__secondary-text">
<div>
fľaša, 0,5 l 
Záloha za vratný obal 0,13                            </div>
<span>Pôvodná cena:</span>
<span class="product__price-text">1,15
(1 l=2,30 €)                </span>
<div class="product__price-cc-text">
<span>s Clubcard:</span>
</div>
<span class="product__price-cc-text">0,69</span>
(1 l=1,38 €)        </div>
<div class="product__discount-percentage">
<div class="product__discount-normal-price">
1,15
</div>
<div class="discount-percentage__text">
<span>
-40
<span class="discount__percentage-sign">%</span>
</span>
</div>
</div>
<div class="product__price-wrapper-outer-box">
<div class="product__price-wrapper">
<div class="product__price ">
<span class="price__left-part">
0,69
</span>
</div>
<div class="product__cc-price-text">
Clubcard ceny
</div>
</div>
</div>
</div>
<div class="product__img-wrapper">
<div class="product__img-holder">
<img data-src="/img/opt/tescoce_sk/products/2022-12-07/png/budvar-flasa-2002006558941-1-5k.png" src="/img/lq/tescoce_sk/products/2022-12-07/png/budvar-flasa-2002006558941-1-5k.png" alt="Budvar 12°"//><noscript><img src="/img/opt/tescoce_sk/products/2022-12-07/png/budvar-flasa-2002006558941-1-5k.png" alt="Budvar 12°"//></noscript>
</div>
<img
class="country-flag"
src=""
alt=""
/>
</div>
</div>                                                            </a>
<div class="shopping-list-parts">
<div class="add-button">
<i class="icon">
<svg viewBox="0 0 24 24" width="100%" height="100%">
<line x1="3" y1="12" x2="21" y2="12"></line>
<line x1="12" y1="3" x2="12" y2="21"></line>
</svg>
</i>
<div class="add-text ddl_link_inline address addtoshoppinglist">
<div>
<span class="label_wrapper">
<span class="label">Pridať do zoznamu</span>
</span>
</div>
</div>
<span class="added-text">Pridané do <a
href="/akciove-ponuky/nakupny-zoznam/"
title="zoznamu"
target="_blank">zoznamu</a></span>
</div>
<div class="add-item">
<div class="add-item__inner">
<div class="newddl-text-field newddl-quantity qty_div">
<div class="newddl-button blue icon-bg standalone search-icon no-float less-button disabled">
<i class="icon">
<svg viewBox="0 0 24 8" width="100%" height="100%">
<line x1="3" y1="4" x2="21" y2="4"></line>
</svg>
</i>
</div>
<input type="text" class="newddl-quantity-input qty" value="1" min="1"
tabindex="0">
<div class="newddl-button blue icon-bg standalone search-icon no-float more-button">
<i class="icon">
<svg viewBox="0 0 24 24" width="100%" height="100%">
<line x1="3" y1="12" x2="21" y2="12"></line>
<line x1="12" y1="3" x2="12" y2="21"></line>
</svg>
</i>
</div>
</div>
<div class="newddl-button blue secondary no-float no-icon min-width accept-button add_to_basket"
onclick="addToBasket(this)"
data-template="/akciove-ponuky/nakupny-zoznam"
data-prod_id="1209692">
<span class="link-label">
Pridať do zoznamu                                              </span>
</div>
<div class="cancel-link"><a href="#cancel"
title="Zrušiť"
tabindex="0">Zrušiť</a>
</div>
</div>
</div>
<div class="added-item" style="">
<p class="t2 nddl">Pridané do <a
href="/akciove-ponuky/nakupny-zoznam/"
title="zoznamu"
target="_blank"
tabindex="0">zoznamu</a>
</p>
<a href="/akciove-ponuky/nakupny-zoznam/"
class="newddl-button blue secondary no-float no-icon min-width edit-button"
title="Upraviť zoznam" target="_blank"
tabindex="0">
<span class="link-label">Upraviť zoznam</span>
</a>
</div>
</div>
</div>

</div>
<div class="a-productListing__productsGrid__element">
<div class="ddl-product-lol  xEqHeights soon-expire"
title="Budvar Desiatový box">
<div class="status-bar cf">
<div class="promo-countdown">

<i class="icon -lessThan48">
<svg xmlns="http://www.w3.org/2000/svg"
xmlns:xlink="http://www.w3.org/1999/xlink" width="22"
height="22" viewBox="0 0 22 22">
<defs>
<path id="ywjka"
d="M216.5 21a9.5 9.5 0 1 1-19 0 9.5 9.5 0 0 1 19 0z"/>
<path id="ywjkb" d="M207 14.5v7h-5"/>
</defs>
<g>
<g transform="translate(-196 -10)">
<use fill="#fff" fill-opacity="0" stroke="#fff"
stroke-miterlimit="50"
stroke-width="1.2" xlink:href="#ywjka"/>
</g>
<g transform="translate(-196 -10)">
<use fill="#fff" fill-opacity="0" stroke="#fff"
stroke-miterlimit="50"
stroke-width="1.2" xlink:href="#ywjkb"/>
</g>
</g>
</svg>
</i>

<i class="icon normal">
<svg xmlns="http://www.w3.org/2000/svg"
xmlns:xlink="http://www.w3.org/1999/xlink" width="22"
height="22" viewBox="0 0 22 22">
<defs>
<path id="ywjka"
d="M216.5 21a9.5 9.5 0 1 1-19 0 9.5 9.5 0 0 1 19 0z"/>
<path id="ywjkb" d="M207 14.5v7h-5"/>
</defs>
<g>
<g transform="translate(-196 -10)">
<use fill="#00539F" fill-opacity="0" stroke="#00539F"
stroke-miterlimit="50"
stroke-width="1.2" xlink:href="#ywjka"/>
</g>
<g transform="translate(-196 -10)">
<use fill="#00539F" fill-opacity="0" stroke="#00539F"
stroke-miterlimit="50"
stroke-width="1.2" xlink:href="#ywjkb"/>
</g>
</g>
</svg>
</i>

<div class="promo-countdown-wrapper">
<p>Zľava končí</p>
<b data-countdown="2023/01/04 0:00:00"
data-count-down-dur-locale="&quot;{\&quot;S\&quot;:\&quot;m\&quot;,\&quot;SS\&quot;:\&quot;m\&quot;,\&quot;s\&quot;:\&quot;d\&quot;,\&quot;ss\&quot;:\&quot;s\&quot;,\&quot;m\&quot;:\&quot;m\&quot;,\&quot;mm\&quot;:\&quot;m\&quot;,\&quot;h\&quot;:\&quot;h\&quot;,\&quot;hh\&quot;:\&quot;h\&quot;,\&quot;d\&quot;:\&quot;d\&quot;,\&quot;dd\&quot;:\&quot;d\&quot;,\&quot;w\&quot;:\&quot;t\&quot;,\&quot;ww\&quot;:\&quot;t\&quot;,\&quot;M\&quot;:\&quot;m\&quot;,\&quot;MM\&quot;:\&quot;m\&quot;,\&quot;y\&quot;:\&quot;r\&quot;,\&quot;yy\&quot;:\&quot;l\&quot;}&quot;"></b>
</div>
</div>
</div>
<a href="/akciove-ponuky/akciove-produkty/produkt/napoje/piva/budvar-desiatovy-box/"
class="details-box" tabindex="0">
<div class="product__inner cc-tier2-higher-than-10-prod-blue-border">

<div class="product__info-wrapper">
<span class="product__name">Budvar Desiatový box</span>
<div class="product__secondary-text">
<div>
plechovka, 8 × 0,5 l 
Záloha za vratný obal 1,20                            </div>
<span>Pôvodná cena:</span>
<span class="product__price-text">11,99
(1 l=3,00 €)                </span>
<div class="product__price-cc-text">
<span>s Clubcard:</span>
</div>
<span class="product__price-cc-text">9,49</span>
(1 l=2,37 €)        </div>
<div class="product__discount-percentage">
<div class="product__discount-normal-price">
11,99
</div>
<div class="discount-percentage__text">
<span>
-20
<span class="discount__percentage-sign">%</span>
</span>
</div>
</div>
<div class="product__price-wrapper-outer-box">
<div class="product__price-wrapper">
<div class="product__price ">
<span class="price__left-part">
9,49
</span>
</div>
<div class="product__cc-price-text">
Clubcard ceny
</div>
</div>
</div>
</div>
<div class="product__img-wrapper">
<div class="product__img-holder">
<img data-src="/img/opt/tescoce_sk/products/2022-11-23/png/budvar-desiatovy-box-2002121566309-1-5k.png" src="/img/lq/tescoce_sk/products/2022-11-23/png/budvar-desiatovy-box-2002121566309-1-5k.png" alt="Budvar Desiatový box"//><noscript><img src="/img/opt/tescoce_sk/products/2022-11-23/png/budvar-desiatovy-box-2002121566309-1-5k.png" alt="Budvar Desiatový box"//></noscript>
</div>
<img
class="country-flag"
src=""
alt=""
/>
</div>
</div>                                                            </a>
<div class="shopping-list-parts">
<div class="add-button">
<i class="icon">
<svg viewBox="0 0 24 24" width="100%" height="100%">
<line x1="3" y1="12" x2="21" y2="12"></line>
<line x1="12" y1="3" x2="12" y2="21"></line>
</svg>
</i>
<div class="add-text ddl_link_inline address addtoshoppinglist">
<div>
<span class="label_wrapper">
<span class="label">Pridať do zoznamu</span>
</span>
</div>
</div>
<span class="added-text">Pridané do <a
href="/akciove-ponuky/nakupny-zoznam/"
title="zoznamu"
target="_blank">zoznamu</a></span>
</div>
<div class="add-item">
<div class="add-item__inner">
<div class="newddl-text-field newddl-quantity qty_div">
<div class="newddl-button blue icon-bg standalone search-icon no-float less-button disabled">
<i class="icon">
<svg viewBox="0 0 24 8" width="100%" height="100%">
<line x1="3" y1="4" x2="21" y2="4"></line>
</svg>
</i>
</div>
<input type="text" class="newddl-quantity-input qty" value="1" min="1"
tabindex="0">
<div class="newddl-button blue icon-bg standalone search-icon no-float more-button">
<i class="icon">
<svg viewBox="0 0 24 24" width="100%" height="100%">
<line x1="3" y1="12" x2="21" y2="12"></line>
<line x1="12" y1="3" x2="12" y2="21"></line>
</svg>
</i>
</div>
</div>
<div class="newddl-button blue secondary no-float no-icon min-width accept-button add_to_basket"
onclick="addToBasket(this)"
data-template="/akciove-ponuky/nakupny-zoznam"
data-prod_id="1191942">
<span class="link-label">
Pridať do zoznamu                                              </span>
</div>
<div class="cancel-link"><a href="#cancel"
title="Zrušiť"
tabindex="0">Zrušiť</a>
</div>
</div>
</div>
<div class="added-item" style="">
<p class="t2 nddl">Pridané do <a
href="/akciove-ponuky/nakupny-zoznam/"
title="zoznamu"
target="_blank"
tabindex="0">zoznamu</a>
</p>
<a href="/akciove-ponuky/nakupny-zoznam/"
class="newddl-button blue secondary no-float no-icon min-width edit-button"
title="Upraviť zoznam" target="_blank"
tabindex="0">
<span class="link-label">Upraviť zoznam</span>
</a>
</div>
</div>
</div>

</div>
<div class="a-productListing__productsGrid__element">
<div class="ddl-product-lol  xEqHeights soon-expire"
title="Caprio ovocný nápoj">
<div class="status-bar cf">
<div class="hovershowtooltip">
<div class="inner">
Ponuka je platná do 03.01.2023.
</div>
<div class="arrow-container">
<div class="arrow-down"></div>
<div class="arrow-down-fg"></div>
</div>
</div>
<a href="https://potravinydomov.itesco.sk/groceries/sk-SK/products/2002014479818"
class="newddl-button left transparent ghs-link"
tabindex="0" target="_blank">
<i class="icon">
<svg xmlns="http://www.w3.org/2000/svg"
xmlns:xlink="http://www.w3.org/1999/xlink"
style="width: 20px !important" height="13" viewBox="0 0 23 13">
<defs>
<path id="clxfa"
d="M33.33 21.44c.44.1.67.38.67.8v3.1c0 .47-.38.84-.84.84h-.9a2.2 2.2 0 0 1-2.18 1.8 2.2 2.2 0 0 1-2.17-1.8h-7.9a2.22 2.22 0 0 1-2.2 1.82c-1.1 0-2-.79-2.19-1.82h-1.66c-.97 0-1.15-.92-1.25-1.41l-1.04-4.25-.41-.27a.3.3 0 0 1-.14-.23L11 18.73c0-.84.66-1.5 1.48-1.5h2.3l-.14.15a.46.46 0 0 0 0 .66.47.47 0 0 0 .66 0l.8-.8h.01l2.11-2.1c.14-.14.41-.19.58-.09.15.09.24.24.24.4 0 .13-.05.24-.14.33l-1.47 1.46h4.39l-1.47-1.46a.46.46 0 0 1 .1-.73c.17-.1.43-.05.57.1L24 18.08c.08.06.18.1.28.1.17 0 .32-.09.4-.24.1-.17.05-.43-.09-.57l-.14-.14h2.31c.77 0 1.39.57 1.47 1.3h1.75c.22 0 .8 0 1.03.71l.8 1.94zM28.7 25.8c0 .75.62 1.36 1.37 1.36.86 0 1.54-.77 1.35-1.65-.1-.52-.53-.93-1.05-1.04a1.38 1.38 0 0 0-1.67 1.33zm-2.17-1c-.05.23-.12.44-.22.63h1.6a2.2 2.2 0 0 1 2.16-1.81c1.09 0 2 .76 2.18 1.8h.9c.04 0 .07-.03.07-.06v-3.11-.04l-.06-.01-1.7-.28a.39.39 0 0 1-.3-.23l-.9-2.2c-.05-.16-.08-.17-.29-.17h-1.77-.02l-.06.71a.3.3 0 0 1-.14.23l-.41.27zm-8.25-4.07a.42.42 0 0 0-.42.43l.29 2.69a.42.42 0 1 0 .83-.02l-.28-2.69a.42.42 0 0 0-.42-.4zm-3 3.15c.02.21.2.38.41.38h.04a.42.42 0 0 0 .38-.46l-.43-2.69a.41.41 0 0 0-.45-.38.42.42 0 0 0-.38.46zm2.53 3.27c.61 0 1.13-.4 1.3-.96h-2.6c.16.56.68.96 1.3.96zm4.11-6a.42.42 0 0 0-.41-.42.41.41 0 0 0-.42.4l-.28 2.72c0 .22.18.4.41.4.23 0 .42-.18.42-.39zm2.17 3.1c.22 0 .4-.16.42-.36l.43-2.71a.41.41 0 0 0-.38-.45.42.42 0 0 0-.45.37l-.43 2.71c-.01.11.02.22.1.3.07.09.17.14.28.15z"></path>
</defs>
<g>
<g clip-path="url(#clip-72B53A8F-48D2-421E-9EC9-9A8CE7DC52A1)"
transform="translate(-11 -15)">
<use fill="#00549e" stroke="none" xlink:href="#clxfa"></use>
</g>
</g>
</svg>
</i>
<div class="ddl_link_inline address shoponline"
style="display: inline-block; vertical-align: middle;">
<span class="link">
<span class="label_wrapper">
<span class="label">
Kúpiť teraz                                                    </span>
</span>
</span>
</div>
</a>
<div class="promo-countdown">

<i class="icon -lessThan48">
<svg xmlns="http://www.w3.org/2000/svg"
xmlns:xlink="http://www.w3.org/1999/xlink" width="22"
height="22" viewBox="0 0 22 22">
<defs>
<path id="ywjka"
d="M216.5 21a9.5 9.5 0 1 1-19 0 9.5 9.5 0 0 1 19 0z"/>
<path id="ywjkb" d="M207 14.5v7h-5"/>
</defs>
<g>
<g transform="translate(-196 -10)">
<use fill="#fff" fill-opacity="0" stroke="#fff"
stroke-miterlimit="50"
stroke-width="1.2" xlink:href="#ywjka"/>
</g>
<g transform="translate(-196 -10)">
<use fill="#fff" fill-opacity="0" stroke="#fff"
stroke-miterlimit="50"
stroke-width="1.2" xlink:href="#ywjkb"/>
</g>
</g>
</svg>
</i>

<i class="icon normal">
<svg xmlns="http://www.w3.org/2000/svg"
xmlns:xlink="http://www.w3.org/1999/xlink" width="22"
height="22" viewBox="0 0 22 22">
<defs>
<path id="ywjka"
d="M216.5 21a9.5 9.5 0 1 1-19 0 9.5 9.5 0 0 1 19 0z"/>
<path id="ywjkb" d="M207 14.5v7h-5"/>
</defs>
<g>
<g transform="translate(-196 -10)">
<use fill="#00539F" fill-opacity="0" stroke="#00539F"
stroke-miterlimit="50"
stroke-width="1.2" xlink:href="#ywjka"/>
</g>
<g transform="translate(-196 -10)">
<use fill="#00539F" fill-opacity="0" stroke="#00539F"
stroke-miterlimit="50"
stroke-width="1.2" xlink:href="#ywjkb"/>
</g>
</g>
</svg>
</i>

<div class="promo-countdown-wrapper">
<p>Zľava končí</p>
<b data-countdown="2023/01/04 0:00:00"
data-count-down-dur-locale="&quot;{\&quot;S\&quot;:\&quot;m\&quot;,\&quot;SS\&quot;:\&quot;m\&quot;,\&quot;s\&quot;:\&quot;d\&quot;,\&quot;ss\&quot;:\&quot;s\&quot;,\&quot;m\&quot;:\&quot;m\&quot;,\&quot;mm\&quot;:\&quot;m\&quot;,\&quot;h\&quot;:\&quot;h\&quot;,\&quot;hh\&quot;:\&quot;h\&quot;,\&quot;d\&quot;:\&quot;d\&quot;,\&quot;dd\&quot;:\&quot;d\&quot;,\&quot;w\&quot;:\&quot;t\&quot;,\&quot;ww\&quot;:\&quot;t\&quot;,\&quot;M\&quot;:\&quot;m\&quot;,\&quot;MM\&quot;:\&quot;m\&quot;,\&quot;y\&quot;:\&quot;r\&quot;,\&quot;yy\&quot;:\&quot;l\&quot;}&quot;"></b>
</div>
</div>
</div>
<a href="/akciove-ponuky/akciove-produkty/produkt/napoje/dzusy/caprio-ovocny-napoj/"
class="details-box" tabindex="0">
<div class="product__inner cc-tier2-higher-than-10-prod-blue-border">

<div class="product__info-wrapper">
<span class="product__name">Caprio ovocný nápoj</span>
<div class="product__secondary-text">
<div>
viac druhov, 2 l                            </div>
<span>Pôvodná cena:</span>
<span class="product__price-text">1,69
(1 l=0,85 €)                </span>
<div class="product__price-cc-text">
<span>s Clubcard:</span>
</div>
<span class="product__price-cc-text">0,85</span>
(1 l=0,43 €)        </div>
<div class="product__discount-percentage">
<div class="product__discount-normal-price">
1,69
</div>
<div class="discount-percentage__text">
<span>
-49
<span class="discount__percentage-sign">%</span>
</span>
</div>
</div>
<div class="product__price-wrapper-outer-box">
<div class="product__price-wrapper">
<div class="product__price ">
<span class="price__left-part">
0,85
</span>
</div>
<div class="product__cc-price-text">
Clubcard ceny
</div>
</div>
</div>
</div>
<div class="product__img-wrapper">
<div class="product__img-holder">
<img data-src="/img/opt/tescoce_sk/products/2022-12-28/png/caprio-ovocny-napoj-2002014479818-1-5k.png" src="/img/lq/tescoce_sk/products/2022-12-28/png/caprio-ovocny-napoj-2002014479818-1-5k.png" alt="Caprio ovocný nápoj"//><noscript><img src="/img/opt/tescoce_sk/products/2022-12-28/png/caprio-ovocny-napoj-2002014479818-1-5k.png" alt="Caprio ovocný nápoj"//></noscript>
</div>
<img
class="country-flag"
src=""
alt=""
/>
</div>
</div>                                                            </a>
<div class="shopping-list-parts">
<div class="add-button">
<i class="icon">
<svg viewBox="0 0 24 24" width="100%" height="100%">
<line x1="3" y1="12" x2="21" y2="12"></line>
<line x1="12" y1="3" x2="12" y2="21"></line>
</svg>
</i>
<div class="add-text ddl_link_inline address addtoshoppinglist">
<div>
<span class="label_wrapper">
<span class="label">Pridať do zoznamu</span>
</span>
</div>
</div>
<span class="added-text">Pridané do <a
href="/akciove-ponuky/nakupny-zoznam/"
title="zoznamu"
target="_blank">zoznamu</a></span>
</div>
<div class="add-item">
<div class="add-item__inner">
<div class="newddl-text-field newddl-quantity qty_div">
<div class="newddl-button blue icon-bg standalone search-icon no-float less-button disabled">
<i class="icon">
<svg viewBox="0 0 24 8" width="100%" height="100%">
<line x1="3" y1="4" x2="21" y2="4"></line>
</svg>
</i>
</div>
<input type="text" class="newddl-quantity-input qty" value="1" min="1"
tabindex="0">
<div class="newddl-button blue icon-bg standalone search-icon no-float more-button">
<i class="icon">
<svg viewBox="0 0 24 24" width="100%" height="100%">
<line x1="3" y1="12" x2="21" y2="12"></line>
<line x1="12" y1="3" x2="12" y2="21"></line>
</svg>
</i>
</div>
</div>
<div class="newddl-button blue secondary no-float no-icon min-width accept-button add_to_basket"
onclick="addToBasket(this)"
data-template="/akciove-ponuky/nakupny-zoznam"
data-prod_id="1217212">
<span class="link-label">
Pridať do zoznamu                                              </span>
</div>
<div class="cancel-link"><a href="#cancel"
title="Zrušiť"
tabindex="0">Zrušiť</a>
</div>
</div>
</div>
<div class="added-item" style="">
<p class="t2 nddl">Pridané do <a
href="/akciove-ponuky/nakupny-zoznam/"
title="zoznamu"
target="_blank"
tabindex="0">zoznamu</a>
</p>
<a href="/akciove-ponuky/nakupny-zoznam/"
class="newddl-button blue secondary no-float no-icon min-width edit-button"
title="Upraviť zoznam" target="_blank"
tabindex="0">
<span class="link-label">Upraviť zoznam</span>
</a>
</div>
</div>
</div>

</div>
<div class="a-productListing__productsGrid__element">
<div class="ddl-product-lol  xEqHeights soon-expire"
title="Captain Jack originál">
<div class="status-bar cf">
<div class="promo-countdown">

<i class="icon -lessThan48">
<svg xmlns="http://www.w3.org/2000/svg"
xmlns:xlink="http://www.w3.org/1999/xlink" width="22"
height="22" viewBox="0 0 22 22">
<defs>
<path id="ywjka"
d="M216.5 21a9.5 9.5 0 1 1-19 0 9.5 9.5 0 0 1 19 0z"/>
<path id="ywjkb" d="M207 14.5v7h-5"/>
</defs>
<g>
<g transform="translate(-196 -10)">
<use fill="#fff" fill-opacity="0" stroke="#fff"
stroke-miterlimit="50"
stroke-width="1.2" xlink:href="#ywjka"/>
</g>
<g transform="translate(-196 -10)">
<use fill="#fff" fill-opacity="0" stroke="#fff"
stroke-miterlimit="50"
stroke-width="1.2" xlink:href="#ywjkb"/>
</g>
</g>
</svg>
</i>

<i class="icon normal">
<svg xmlns="http://www.w3.org/2000/svg"
xmlns:xlink="http://www.w3.org/1999/xlink" width="22"
height="22" viewBox="0 0 22 22">
<defs>
<path id="ywjka"
d="M216.5 21a9.5 9.5 0 1 1-19 0 9.5 9.5 0 0 1 19 0z"/>
<path id="ywjkb" d="M207 14.5v7h-5"/>
</defs>
<g>
<g transform="translate(-196 -10)">
<use fill="#00539F" fill-opacity="0" stroke="#00539F"
stroke-miterlimit="50"
stroke-width="1.2" xlink:href="#ywjka"/>
</g>
<g transform="translate(-196 -10)">
<use fill="#00539F" fill-opacity="0" stroke="#00539F"
stroke-miterlimit="50"
stroke-width="1.2" xlink:href="#ywjkb"/>
</g>
</g>
</svg>
</i>

<div class="promo-countdown-wrapper">
<p>Zľava končí</p>
<b data-countdown="2023/01/04 0:00:00"
data-count-down-dur-locale="&quot;{\&quot;S\&quot;:\&quot;m\&quot;,\&quot;SS\&quot;:\&quot;m\&quot;,\&quot;s\&quot;:\&quot;d\&quot;,\&quot;ss\&quot;:\&quot;s\&quot;,\&quot;m\&quot;:\&quot;m\&quot;,\&quot;mm\&quot;:\&quot;m\&quot;,\&quot;h\&quot;:\&quot;h\&quot;,\&quot;hh\&quot;:\&quot;h\&quot;,\&quot;d\&quot;:\&quot;d\&quot;,\&quot;dd\&quot;:\&quot;d\&quot;,\&quot;w\&quot;:\&quot;t\&quot;,\&quot;ww\&quot;:\&quot;t\&quot;,\&quot;M\&quot;:\&quot;m\&quot;,\&quot;MM\&quot;:\&quot;m\&quot;,\&quot;y\&quot;:\&quot;r\&quot;,\&quot;yy\&quot;:\&quot;l\&quot;}&quot;"></b>
</div>
</div>
</div>
<a href="/akciove-ponuky/akciove-produkty/produkt/napoje/piva/captain-jack-original/"
class="details-box" tabindex="0">
<div class="product__inner cc-tier2-higher-than-10-prod-blue-border">

<div class="product__info-wrapper">
<span class="product__name">Captain Jack originál</span>
<div class="product__secondary-text">
<div>
0,33 l                            </div>
<span>Pôvodná cena:</span>
<span class="product__price-text">0,99
(1 l=3,00 €)                </span>
<div class="product__price-cc-text">
<span>s Clubcard:</span>
</div>
<span class="product__price-cc-text">0,75</span>
(1 l=2,27 €)        </div>
<div class="product__discount-percentage">
<div class="product__discount-normal-price">
0,99
</div>
<div class="discount-percentage__text">
<span>
-24
<span class="discount__percentage-sign">%</span>
</span>
</div>
</div>
<div class="product__price-wrapper-outer-box">
<div class="product__price-wrapper">
<div class="product__price ">
<span class="price__left-part">
0,75
</span>
</div>
<div class="product__cc-price-text">
Clubcard ceny
</div>
</div>
</div>
</div>
<div class="product__img-wrapper">
<div class="product__img-holder">
<img data-src="/img/opt/tescoce_sk/products/2022-12-28/png/captain-jack-2002020313878-1-5k.png" src="/img/lq/tescoce_sk/products/2022-12-28/png/captain-jack-2002020313878-1-5k.png" alt="Captain Jack originál"//><noscript><img src="/img/opt/tescoce_sk/products/2022-12-28/png/captain-jack-2002020313878-1-5k.png" alt="Captain Jack originál"//></noscript>
</div>
<img
class="country-flag"
src=""
alt=""
/>
</div>
</div>                                                            </a>
<div class="shopping-list-parts">
<div class="add-button">
<i class="icon">
<svg viewBox="0 0 24 24" width="100%" height="100%">
<line x1="3" y1="12" x2="21" y2="12"></line>
<line x1="12" y1="3" x2="12" y2="21"></line>
</svg>
</i>
<div class="add-text ddl_link_inline address addtoshoppinglist">
<div>
<span class="label_wrapper">
<span class="label">Pridať do zoznamu</span>
</span>
</div>
</div>
<span class="added-text">Pridané do <a
href="/akciove-ponuky/nakupny-zoznam/"
title="zoznamu"
target="_blank">zoznamu</a></span>
</div>
<div class="add-item">
<div class="add-item__inner">
<div class="newddl-text-field newddl-quantity qty_div">
<div class="newddl-button blue icon-bg standalone search-icon no-float less-button disabled">
<i class="icon">
<svg viewBox="0 0 24 8" width="100%" height="100%">
<line x1="3" y1="4" x2="21" y2="4"></line>
</svg>
</i>
</div>
<input type="text" class="newddl-quantity-input qty" value="1" min="1"
tabindex="0">
<div class="newddl-button blue icon-bg standalone search-icon no-float more-button">
<i class="icon">
<svg viewBox="0 0 24 24" width="100%" height="100%">
<line x1="3" y1="12" x2="21" y2="12"></line>
<line x1="12" y1="3" x2="12" y2="21"></line>
</svg>
</i>
</div>
</div>
<div class="newddl-button blue secondary no-float no-icon min-width accept-button add_to_basket"
onclick="addToBasket(this)"
data-template="/akciove-ponuky/nakupny-zoznam"
data-prod_id="1217082">
<span class="link-label">
Pridať do zoznamu                                              </span>
</div>
<div class="cancel-link"><a href="#cancel"
title="Zrušiť"
tabindex="0">Zrušiť</a>
</div>
</div>
</div>
<div class="added-item" style="">
<p class="t2 nddl">Pridané do <a
href="/akciove-ponuky/nakupny-zoznam/"
title="zoznamu"
target="_blank"
tabindex="0">zoznamu</a>
</p>
<a href="/akciove-ponuky/nakupny-zoznam/"
class="newddl-button blue secondary no-float no-icon min-width edit-button"
title="Upraviť zoznam" target="_blank"
tabindex="0">
<span class="link-label">Upraviť zoznam</span>
</a>
</div>
</div>
</div>

</div>
<div class="a-productListing__productsGrid__element">
<div class="ddl-product-lol  xEqHeights soon-expire"
title="Captain Morgan 35%">
<div class="status-bar cf">
<div class="promo-countdown -lessThan48">

<i class="icon -lessThan48">
<svg xmlns="http://www.w3.org/2000/svg"
xmlns:xlink="http://www.w3.org/1999/xlink" width="22"
height="22" viewBox="0 0 22 22">
<defs>
<path id="ywjka"
d="M216.5 21a9.5 9.5 0 1 1-19 0 9.5 9.5 0 0 1 19 0z"/>
<path id="ywjkb" d="M207 14.5v7h-5"/>
</defs>
<g>
<g transform="translate(-196 -10)">
<use fill="#fff" fill-opacity="0" stroke="#fff"
stroke-miterlimit="50"
stroke-width="1.2" xlink:href="#ywjka"/>
</g>
<g transform="translate(-196 -10)">
<use fill="#fff" fill-opacity="0" stroke="#fff"
stroke-miterlimit="50"
stroke-width="1.2" xlink:href="#ywjkb"/>
</g>
</g>
</svg>
</i>

<i class="icon normal">
<svg xmlns="http://www.w3.org/2000/svg"
xmlns:xlink="http://www.w3.org/1999/xlink" width="22"
height="22" viewBox="0 0 22 22">
<defs>
<path id="ywjka"
d="M216.5 21a9.5 9.5 0 1 1-19 0 9.5 9.5 0 0 1 19 0z"/>
<path id="ywjkb" d="M207 14.5v7h-5"/>
</defs>
<g>
<g transform="translate(-196 -10)">
<use fill="#00539F" fill-opacity="0" stroke="#00539F"
stroke-miterlimit="50"
stroke-width="1.2" xlink:href="#ywjka"/>
</g>
<g transform="translate(-196 -10)">
<use fill="#00539F" fill-opacity="0" stroke="#00539F"
stroke-miterlimit="50"
stroke-width="1.2" xlink:href="#ywjkb"/>
</g>
</g>
</svg>
</i>

<div class="promo-countdown-wrapper">
<p>Zľava končí</p>
<b data-countdown="2023/01/01 0:00:00"
data-count-down-dur-locale="&quot;{\&quot;S\&quot;:\&quot;m\&quot;,\&quot;SS\&quot;:\&quot;m\&quot;,\&quot;s\&quot;:\&quot;d\&quot;,\&quot;ss\&quot;:\&quot;s\&quot;,\&quot;m\&quot;:\&quot;m\&quot;,\&quot;mm\&quot;:\&quot;m\&quot;,\&quot;h\&quot;:\&quot;h\&quot;,\&quot;hh\&quot;:\&quot;h\&quot;,\&quot;d\&quot;:\&quot;d\&quot;,\&quot;dd\&quot;:\&quot;d\&quot;,\&quot;w\&quot;:\&quot;t\&quot;,\&quot;ww\&quot;:\&quot;t\&quot;,\&quot;M\&quot;:\&quot;m\&quot;,\&quot;MM\&quot;:\&quot;m\&quot;,\&quot;y\&quot;:\&quot;r\&quot;,\&quot;yy\&quot;:\&quot;l\&quot;}&quot;"></b>
</div>
</div>
</div>
<a href="/akciove-ponuky/akciove-produkty/produkt/napoje/liehoviny-a-likery/captain-morgan-35/"
class="details-box" tabindex="0">
<div class="product__inner cc-tier2-higher-than-10-prod-blue-border">

<div class="product__info-wrapper">
<span class="product__name">Captain Morgan 35%</span>
<div class="product__secondary-text">
<div>
0,7 l + reproduktor                            </div>
<span>Pôvodná cena:</span>
<span class="product__price-text">24,99
(1 l=35,70 €)                </span>
<div class="product__price-cc-text">
<span>s Clubcard:</span>
</div>
<span class="product__price-cc-text">19,99</span>
(1 l=28,56 €)        </div>
<div class="product__discount-percentage">
<div class="product__discount-normal-price">
24,99
</div>
<div class="discount-percentage__text">
<span>
-20
<span class="discount__percentage-sign">%</span>
</span>
</div>
</div>
<div class="product__price-wrapper-outer-box">
<div class="product__price-wrapper">
<div class="product__price ">
<span class="price__left-part">
19,99
</span>
</div>
<div class="product__cc-price-text">
Clubcard ceny
</div>
</div>
</div>
</div>
<div class="product__img-wrapper">
<div class="product__img-holder">
<img data-src="/img/opt/tescoce_sk/products/2022-11-16/png/captain-morgan-35-2002020339809-1-5k.png" src="/img/lq/tescoce_sk/products/2022-11-16/png/captain-morgan-35-2002020339809-1-5k.png" alt="Captain Morgan 35%"//><noscript><img src="/img/opt/tescoce_sk/products/2022-11-16/png/captain-morgan-35-2002020339809-1-5k.png" alt="Captain Morgan 35%"//></noscript>
</div>
<img
class="country-flag"
src=""
alt=""
/>
</div>
</div>                                                            </a>
<div class="shopping-list-parts">
<div class="add-button">
<i class="icon">
<svg viewBox="0 0 24 24" width="100%" height="100%">
<line x1="3" y1="12" x2="21" y2="12"></line>
<line x1="12" y1="3" x2="12" y2="21"></line>
</svg>
</i>
<div class="add-text ddl_link_inline address addtoshoppinglist">
<div>
<span class="label_wrapper">
<span class="label">Pridať do zoznamu</span>
</span>
</div>
</div>
<span class="added-text">Pridané do <a
href="/akciove-ponuky/nakupny-zoznam/"
title="zoznamu"
target="_blank">zoznamu</a></span>
</div>
<div class="add-item">
<div class="add-item__inner">
<div class="newddl-text-field newddl-quantity qty_div">
<div class="newddl-button blue icon-bg standalone search-icon no-float less-button disabled">
<i class="icon">
<svg viewBox="0 0 24 8" width="100%" height="100%">
<line x1="3" y1="4" x2="21" y2="4"></line>
</svg>
</i>
</div>
<input type="text" class="newddl-quantity-input qty" value="1" min="1"
tabindex="0">
<div class="newddl-button blue icon-bg standalone search-icon no-float more-button">
<i class="icon">
<svg viewBox="0 0 24 24" width="100%" height="100%">
<line x1="3" y1="12" x2="21" y2="12"></line>
<line x1="12" y1="3" x2="12" y2="21"></line>
</svg>
</i>
</div>
</div>
<div class="newddl-button blue secondary no-float no-icon min-width accept-button add_to_basket"
onclick="addToBasket(this)"
data-template="/akciove-ponuky/nakupny-zoznam"
data-prod_id="1189972">
<span class="link-label">
Pridať do zoznamu                                              </span>
</div>
<div class="cancel-link"><a href="#cancel"
title="Zrušiť"
tabindex="0">Zrušiť</a>
</div>
</div>
</div>
<div class="added-item" style="">
<p class="t2 nddl">Pridané do <a
href="/akciove-ponuky/nakupny-zoznam/"
title="zoznamu"
target="_blank"
tabindex="0">zoznamu</a>
</p>
<a href="/akciove-ponuky/nakupny-zoznam/"
class="newddl-button blue secondary no-float no-icon min-width edit-button"
title="Upraviť zoznam" target="_blank"
tabindex="0">
<span class="link-label">Upraviť zoznam</span>
</a>
</div>
</div>
</div>

</div>
<div class="a-productListing__productsGrid__element">
<div class="ddl-product-lol  xEqHeights soon-expire"
title="Captain Morgan original spiced gold 35%">
<div class="status-bar cf">
<div class="promo-countdown">

<i class="icon -lessThan48">
<svg xmlns="http://www.w3.org/2000/svg"
xmlns:xlink="http://www.w3.org/1999/xlink" width="22"
height="22" viewBox="0 0 22 22">
<defs>
<path id="ywjka"
d="M216.5 21a9.5 9.5 0 1 1-19 0 9.5 9.5 0 0 1 19 0z"/>
<path id="ywjkb" d="M207 14.5v7h-5"/>
</defs>
<g>
<g transform="translate(-196 -10)">
<use fill="#fff" fill-opacity="0" stroke="#fff"
stroke-miterlimit="50"
stroke-width="1.2" xlink:href="#ywjka"/>
</g>
<g transform="translate(-196 -10)">
<use fill="#fff" fill-opacity="0" stroke="#fff"
stroke-miterlimit="50"
stroke-width="1.2" xlink:href="#ywjkb"/>
</g>
</g>
</svg>
</i>

<i class="icon normal">
<svg xmlns="http://www.w3.org/2000/svg"
xmlns:xlink="http://www.w3.org/1999/xlink" width="22"
height="22" viewBox="0 0 22 22">
<defs>
<path id="ywjka"
d="M216.5 21a9.5 9.5 0 1 1-19 0 9.5 9.5 0 0 1 19 0z"/>
<path id="ywjkb" d="M207 14.5v7h-5"/>
</defs>
<g>
<g transform="translate(-196 -10)">
<use fill="#00539F" fill-opacity="0" stroke="#00539F"
stroke-miterlimit="50"
stroke-width="1.2" xlink:href="#ywjka"/>
</g>
<g transform="translate(-196 -10)">
<use fill="#00539F" fill-opacity="0" stroke="#00539F"
stroke-miterlimit="50"
stroke-width="1.2" xlink:href="#ywjkb"/>
</g>
</g>
</svg>
</i>

<div class="promo-countdown-wrapper">
<p>Zľava končí</p>
<b data-countdown="2023/01/04 0:00:00"
data-count-down-dur-locale="&quot;{\&quot;S\&quot;:\&quot;m\&quot;,\&quot;SS\&quot;:\&quot;m\&quot;,\&quot;s\&quot;:\&quot;d\&quot;,\&quot;ss\&quot;:\&quot;s\&quot;,\&quot;m\&quot;:\&quot;m\&quot;,\&quot;mm\&quot;:\&quot;m\&quot;,\&quot;h\&quot;:\&quot;h\&quot;,\&quot;hh\&quot;:\&quot;h\&quot;,\&quot;d\&quot;:\&quot;d\&quot;,\&quot;dd\&quot;:\&quot;d\&quot;,\&quot;w\&quot;:\&quot;t\&quot;,\&quot;ww\&quot;:\&quot;t\&quot;,\&quot;M\&quot;:\&quot;m\&quot;,\&quot;MM\&quot;:\&quot;m\&quot;,\&quot;y\&quot;:\&quot;r\&quot;,\&quot;yy\&quot;:\&quot;l\&quot;}&quot;"></b>
</div>
</div>
</div>
<a href="/akciove-ponuky/akciove-produkty/produkt/napoje/liehoviny-a-likery/captain-morgan-original-spiced-gold-35/"
class="details-box" tabindex="0">
<div class="product__inner cc-tier2-higher-than-10-prod-blue-border">

<div class="product__info-wrapper">
<span class="product__name">Captain Morgan original spiced gold 35%</span>
<div class="product__secondary-text">
<div>
0,7 l                            </div>
<span>Pôvodná cena:</span>
<span class="product__price-text">12,49
(1 l=17,84 €)                </span>
<div class="product__price-cc-text">
<span>s Clubcard:</span>
</div>
<span class="product__price-cc-text">8,99</span>
(1 l=12,84 €)        </div>
<div class="product__discount-percentage">
<div class="product__discount-normal-price">
12,49
</div>
<div class="discount-percentage__text">
<span>
-28
<span class="discount__percentage-sign">%</span>
</span>
</div>
</div>
<div class="product__price-wrapper-outer-box">
<div class="product__price-wrapper">
<div class="product__price ">
<span class="price__left-part">
8,99
</span>
</div>
<div class="product__cc-price-text">
Clubcard ceny
</div>
</div>
</div>
</div>
<div class="product__img-wrapper">
<div class="product__img-holder">
<img data-src="/img/opt/tescoce_sk/products/2022-12-28/png/captain-morgan-2002007287444-1-5k.png" src="/img/lq/tescoce_sk/products/2022-12-28/png/captain-morgan-2002007287444-1-5k.png" alt="Captain Morgan original spiced gold 35%"//><noscript><img src="/img/opt/tescoce_sk/products/2022-12-28/png/captain-morgan-2002007287444-1-5k.png" alt="Captain Morgan original spiced gold 35%"//></noscript>
</div>
<img
class="country-flag"
src=""
alt=""
/>
</div>
</div>                                                            </a>
<div class="shopping-list-parts">
<div class="add-button">
<i class="icon">
<svg viewBox="0 0 24 24" width="100%" height="100%">
<line x1="3" y1="12" x2="21" y2="12"></line>
<line x1="12" y1="3" x2="12" y2="21"></line>
</svg>
</i>
<div class="add-text ddl_link_inline address addtoshoppinglist">
<div>
<span class="label_wrapper">
<span class="label">Pridať do zoznamu</span>
</span>
</div>
</div>
<span class="added-text">Pridané do <a
href="/akciove-ponuky/nakupny-zoznam/"
title="zoznamu"
target="_blank">zoznamu</a></span>
</div>
<div class="add-item">
<div class="add-item__inner">
<div class="newddl-text-field newddl-quantity qty_div">
<div class="newddl-button blue icon-bg standalone search-icon no-float less-button disabled">
<i class="icon">
<svg viewBox="0 0 24 8" width="100%" height="100%">
<line x1="3" y1="4" x2="21" y2="4"></line>
</svg>
</i>
</div>
<input type="text" class="newddl-quantity-input qty" value="1" min="1"
tabindex="0">
<div class="newddl-button blue icon-bg standalone search-icon no-float more-button">
<i class="icon">
<svg viewBox="0 0 24 24" width="100%" height="100%">
<line x1="3" y1="12" x2="21" y2="12"></line>
<line x1="12" y1="3" x2="12" y2="21"></line>
</svg>
</i>
</div>
</div>
<div class="newddl-button blue secondary no-float no-icon min-width accept-button add_to_basket"
onclick="addToBasket(this)"
data-template="/akciove-ponuky/nakupny-zoznam"
data-prod_id="1216652">
<span class="link-label">
Pridať do zoznamu                                              </span>
</div>
<div class="cancel-link"><a href="#cancel"
title="Zrušiť"
tabindex="0">Zrušiť</a>
</div>
</div>
</div>
<div class="added-item" style="">
<p class="t2 nddl">Pridané do <a
href="/akciove-ponuky/nakupny-zoznam/"
title="zoznamu"
target="_blank"
tabindex="0">zoznamu</a>
</p>
<a href="/akciove-ponuky/nakupny-zoznam/"
class="newddl-button blue secondary no-float no-icon min-width edit-button"
title="Upraviť zoznam" target="_blank"
tabindex="0">
<span class="link-label">Upraviť zoznam</span>
</a>
</div>
</div>
</div>

</div>
<div class="a-productListing__productsGrid__element">
<div class="ddl-product-lol  xEqHeights soon-expire"
title="Caribbean rum 37,5%">
<div class="status-bar cf">
<div class="hovershowtooltip">
<div class="inner">
Ponuka je platná do 31.12.2022.
</div>
<div class="arrow-container">
<div class="arrow-down"></div>
<div class="arrow-down-fg"></div>
</div>
</div>
<a href="https://potravinydomov.itesco.sk/groceries/sk-SK/products/2002020305311"
class="newddl-button left transparent ghs-link"
tabindex="0" target="_blank">
<i class="icon">
<svg xmlns="http://www.w3.org/2000/svg"
xmlns:xlink="http://www.w3.org/1999/xlink"
style="width: 20px !important" height="13" viewBox="0 0 23 13">
<defs>
<path id="clxfa"
d="M33.33 21.44c.44.1.67.38.67.8v3.1c0 .47-.38.84-.84.84h-.9a2.2 2.2 0 0 1-2.18 1.8 2.2 2.2 0 0 1-2.17-1.8h-7.9a2.22 2.22 0 0 1-2.2 1.82c-1.1 0-2-.79-2.19-1.82h-1.66c-.97 0-1.15-.92-1.25-1.41l-1.04-4.25-.41-.27a.3.3 0 0 1-.14-.23L11 18.73c0-.84.66-1.5 1.48-1.5h2.3l-.14.15a.46.46 0 0 0 0 .66.47.47 0 0 0 .66 0l.8-.8h.01l2.11-2.1c.14-.14.41-.19.58-.09.15.09.24.24.24.4 0 .13-.05.24-.14.33l-1.47 1.46h4.39l-1.47-1.46a.46.46 0 0 1 .1-.73c.17-.1.43-.05.57.1L24 18.08c.08.06.18.1.28.1.17 0 .32-.09.4-.24.1-.17.05-.43-.09-.57l-.14-.14h2.31c.77 0 1.39.57 1.47 1.3h1.75c.22 0 .8 0 1.03.71l.8 1.94zM28.7 25.8c0 .75.62 1.36 1.37 1.36.86 0 1.54-.77 1.35-1.65-.1-.52-.53-.93-1.05-1.04a1.38 1.38 0 0 0-1.67 1.33zm-2.17-1c-.05.23-.12.44-.22.63h1.6a2.2 2.2 0 0 1 2.16-1.81c1.09 0 2 .76 2.18 1.8h.9c.04 0 .07-.03.07-.06v-3.11-.04l-.06-.01-1.7-.28a.39.39 0 0 1-.3-.23l-.9-2.2c-.05-.16-.08-.17-.29-.17h-1.77-.02l-.06.71a.3.3 0 0 1-.14.23l-.41.27zm-8.25-4.07a.42.42 0 0 0-.42.43l.29 2.69a.42.42 0 1 0 .83-.02l-.28-2.69a.42.42 0 0 0-.42-.4zm-3 3.15c.02.21.2.38.41.38h.04a.42.42 0 0 0 .38-.46l-.43-2.69a.41.41 0 0 0-.45-.38.42.42 0 0 0-.38.46zm2.53 3.27c.61 0 1.13-.4 1.3-.96h-2.6c.16.56.68.96 1.3.96zm4.11-6a.42.42 0 0 0-.41-.42.41.41 0 0 0-.42.4l-.28 2.72c0 .22.18.4.41.4.23 0 .42-.18.42-.39zm2.17 3.1c.22 0 .4-.16.42-.36l.43-2.71a.41.41 0 0 0-.38-.45.42.42 0 0 0-.45.37l-.43 2.71c-.01.11.02.22.1.3.07.09.17.14.28.15z"></path>
</defs>
<g>
<g clip-path="url(#clip-72B53A8F-48D2-421E-9EC9-9A8CE7DC52A1)"
transform="translate(-11 -15)">
<use fill="#00549e" stroke="none" xlink:href="#clxfa"></use>
</g>
</g>
</svg>
</i>
<div class="ddl_link_inline address shoponline"
style="display: inline-block; vertical-align: middle;">
<span class="link">
<span class="label_wrapper">
<span class="label">
Kúpiť teraz                                                    </span>
</span>
</span>
</div>
</a>
<div class="promo-countdown -lessThan48">

<i class="icon -lessThan48">
<svg xmlns="http://www.w3.org/2000/svg"
xmlns:xlink="http://www.w3.org/1999/xlink" width="22"
height="22" viewBox="0 0 22 22">
<defs>
<path id="ywjka"
d="M216.5 21a9.5 9.5 0 1 1-19 0 9.5 9.5 0 0 1 19 0z"/>
<path id="ywjkb" d="M207 14.5v7h-5"/>
</defs>
<g>
<g transform="translate(-196 -10)">
<use fill="#fff" fill-opacity="0" stroke="#fff"
stroke-miterlimit="50"
stroke-width="1.2" xlink:href="#ywjka"/>
</g>
<g transform="translate(-196 -10)">
<use fill="#fff" fill-opacity="0" stroke="#fff"
stroke-miterlimit="50"
stroke-width="1.2" xlink:href="#ywjkb"/>
</g>
</g>
</svg>
</i>

<i class="icon normal">
<svg xmlns="http://www.w3.org/2000/svg"
xmlns:xlink="http://www.w3.org/1999/xlink" width="22"
height="22" viewBox="0 0 22 22">
<defs>
<path id="ywjka"
d="M216.5 21a9.5 9.5 0 1 1-19 0 9.5 9.5 0 0 1 19 0z"/>
<path id="ywjkb" d="M207 14.5v7h-5"/>
</defs>
<g>
<g transform="translate(-196 -10)">
<use fill="#00539F" fill-opacity="0" stroke="#00539F"
stroke-miterlimit="50"
stroke-width="1.2" xlink:href="#ywjka"/>
</g>
<g transform="translate(-196 -10)">
<use fill="#00539F" fill-opacity="0" stroke="#00539F"
stroke-miterlimit="50"
stroke-width="1.2" xlink:href="#ywjkb"/>
</g>
</g>
</svg>
</i>

<div class="promo-countdown-wrapper">
<p>Zľava končí</p>
<b data-countdown="2023/01/01 0:00:00"
data-count-down-dur-locale="&quot;{\&quot;S\&quot;:\&quot;m\&quot;,\&quot;SS\&quot;:\&quot;m\&quot;,\&quot;s\&quot;:\&quot;d\&quot;,\&quot;ss\&quot;:\&quot;s\&quot;,\&quot;m\&quot;:\&quot;m\&quot;,\&quot;mm\&quot;:\&quot;m\&quot;,\&quot;h\&quot;:\&quot;h\&quot;,\&quot;hh\&quot;:\&quot;h\&quot;,\&quot;d\&quot;:\&quot;d\&quot;,\&quot;dd\&quot;:\&quot;d\&quot;,\&quot;w\&quot;:\&quot;t\&quot;,\&quot;ww\&quot;:\&quot;t\&quot;,\&quot;M\&quot;:\&quot;m\&quot;,\&quot;MM\&quot;:\&quot;m\&quot;,\&quot;y\&quot;:\&quot;r\&quot;,\&quot;yy\&quot;:\&quot;l\&quot;}&quot;"></b>
</div>
</div>
</div>
<a href="/akciove-ponuky/akciove-produkty/produkt/napoje/liehoviny-a-likery/caribbean-rum-37-5/"
class="details-box" tabindex="0">
<div class="product__inner cc-tier2-higher-than-10-prod-blue-border">

<div class="product__info-wrapper">
<span class="product__name">Caribbean rum 37,5%</span>
<div class="product__secondary-text">
<div>
0,5 l + 2 poháre                            </div>
<span>Pôvodná cena:</span>
<span class="product__price-text">14,99
(1 l=29,98 €)                </span>
<div class="product__price-cc-text">
<span>s Clubcard:</span>
</div>
<span class="product__price-cc-text">11,99</span>
(1 l=23,98 €)        </div>
<div class="product__discount-percentage">
<div class="product__discount-normal-price">
14,99
</div>
<div class="discount-percentage__text">
<span>
-20
<span class="discount__percentage-sign">%</span>
</span>
</div>
</div>
<div class="product__price-wrapper-outer-box">
<div class="product__price-wrapper">
<div class="product__price ">
<span class="price__left-part">
11,99
</span>
</div>
<div class="product__cc-price-text">
Clubcard ceny
</div>
</div>
</div>
</div>
<div class="product__img-wrapper">
<div class="product__img-holder">
<img data-src="/img/opt/tescoce_sk/products/2022-12-07/png/caribbean-rum-2002020305311-1-5k.png" src="/img/lq/tescoce_sk/products/2022-12-07/png/caribbean-rum-2002020305311-1-5k.png" alt="Caribbean rum 37,5%"//><noscript><img src="/img/opt/tescoce_sk/products/2022-12-07/png/caribbean-rum-2002020305311-1-5k.png" alt="Caribbean rum 37,5%"//></noscript>
</div>
<img
class="country-flag"
src="/img/npc/flags/slovak.svg"
alt="szlovák zászló"
/>
</div>
</div>                                                            </a>
<div class="shopping-list-parts">
<div class="add-button">
<i class="icon">
<svg viewBox="0 0 24 24" width="100%" height="100%">
<line x1="3" y1="12" x2="21" y2="12"></line>
<line x1="12" y1="3" x2="12" y2="21"></line>
</svg>
</i>
<div class="add-text ddl_link_inline address addtoshoppinglist">
<div>
<span class="label_wrapper">
<span class="label">Pridať do zoznamu</span>
</span>
</div>
</div>
<span class="added-text">Pridané do <a
href="/akciove-ponuky/nakupny-zoznam/"
title="zoznamu"
target="_blank">zoznamu</a></span>
</div>
<div class="add-item">
<div class="add-item__inner">
<div class="newddl-text-field newddl-quantity qty_div">
<div class="newddl-button blue icon-bg standalone search-icon no-float less-button disabled">
<i class="icon">
<svg viewBox="0 0 24 8" width="100%" height="100%">
<line x1="3" y1="4" x2="21" y2="4"></line>
</svg>
</i>
</div>
<input type="text" class="newddl-quantity-input qty" value="1" min="1"
tabindex="0">
<div class="newddl-button blue icon-bg standalone search-icon no-float more-button">
<i class="icon">
<svg viewBox="0 0 24 24" width="100%" height="100%">
<line x1="3" y1="12" x2="21" y2="12"></line>
<line x1="12" y1="3" x2="12" y2="21"></line>
</svg>
</i>
</div>
</div>
<div class="newddl-button blue secondary no-float no-icon min-width accept-button add_to_basket"
onclick="addToBasket(this)"
data-template="/akciove-ponuky/nakupny-zoznam"
data-prod_id="1205981">
<span class="link-label">
Pridať do zoznamu                                              </span>
</div>
<div class="cancel-link"><a href="#cancel"
title="Zrušiť"
tabindex="0">Zrušiť</a>
</div>
</div>
</div>
<div class="added-item" style="">
<p class="t2 nddl">Pridané do <a
href="/akciove-ponuky/nakupny-zoznam/"
title="zoznamu"
target="_blank"
tabindex="0">zoznamu</a>
</p>
<a href="/akciove-ponuky/nakupny-zoznam/"
class="newddl-button blue secondary no-float no-icon min-width edit-button"
title="Upraviť zoznam" target="_blank"
tabindex="0">
<span class="link-label">Upraviť zoznam</span>
</a>
</div>
</div>
</div>

</div>
<div class="a-productListing__productsGrid__element">
<div class="ddl-product-lol  xEqHeights soon-expire"
title="Coca-Cola">
<div class="status-bar cf">
<div class="hovershowtooltip">
<div class="inner">
Ponuka je platná do 03.01.2023.
</div>
<div class="arrow-container">
<div class="arrow-down"></div>
<div class="arrow-down-fg"></div>
</div>
</div>
<a href="https://potravinydomov.itesco.sk/groceries/sk-SK/products/2002121563612"
class="newddl-button left transparent ghs-link"
tabindex="0" target="_blank">
<i class="icon">
<svg xmlns="http://www.w3.org/2000/svg"
xmlns:xlink="http://www.w3.org/1999/xlink"
style="width: 20px !important" height="13" viewBox="0 0 23 13">
<defs>
<path id="clxfa"
d="M33.33 21.44c.44.1.67.38.67.8v3.1c0 .47-.38.84-.84.84h-.9a2.2 2.2 0 0 1-2.18 1.8 2.2 2.2 0 0 1-2.17-1.8h-7.9a2.22 2.22 0 0 1-2.2 1.82c-1.1 0-2-.79-2.19-1.82h-1.66c-.97 0-1.15-.92-1.25-1.41l-1.04-4.25-.41-.27a.3.3 0 0 1-.14-.23L11 18.73c0-.84.66-1.5 1.48-1.5h2.3l-.14.15a.46.46 0 0 0 0 .66.47.47 0 0 0 .66 0l.8-.8h.01l2.11-2.1c.14-.14.41-.19.58-.09.15.09.24.24.24.4 0 .13-.05.24-.14.33l-1.47 1.46h4.39l-1.47-1.46a.46.46 0 0 1 .1-.73c.17-.1.43-.05.57.1L24 18.08c.08.06.18.1.28.1.17 0 .32-.09.4-.24.1-.17.05-.43-.09-.57l-.14-.14h2.31c.77 0 1.39.57 1.47 1.3h1.75c.22 0 .8 0 1.03.71l.8 1.94zM28.7 25.8c0 .75.62 1.36 1.37 1.36.86 0 1.54-.77 1.35-1.65-.1-.52-.53-.93-1.05-1.04a1.38 1.38 0 0 0-1.67 1.33zm-2.17-1c-.05.23-.12.44-.22.63h1.6a2.2 2.2 0 0 1 2.16-1.81c1.09 0 2 .76 2.18 1.8h.9c.04 0 .07-.03.07-.06v-3.11-.04l-.06-.01-1.7-.28a.39.39 0 0 1-.3-.23l-.9-2.2c-.05-.16-.08-.17-.29-.17h-1.77-.02l-.06.71a.3.3 0 0 1-.14.23l-.41.27zm-8.25-4.07a.42.42 0 0 0-.42.43l.29 2.69a.42.42 0 1 0 .83-.02l-.28-2.69a.42.42 0 0 0-.42-.4zm-3 3.15c.02.21.2.38.41.38h.04a.42.42 0 0 0 .38-.46l-.43-2.69a.41.41 0 0 0-.45-.38.42.42 0 0 0-.38.46zm2.53 3.27c.61 0 1.13-.4 1.3-.96h-2.6c.16.56.68.96 1.3.96zm4.11-6a.42.42 0 0 0-.41-.42.41.41 0 0 0-.42.4l-.28 2.72c0 .22.18.4.41.4.23 0 .42-.18.42-.39zm2.17 3.1c.22 0 .4-.16.42-.36l.43-2.71a.41.41 0 0 0-.38-.45.42.42 0 0 0-.45.37l-.43 2.71c-.01.11.02.22.1.3.07.09.17.14.28.15z"></path>
</defs>
<g>
<g clip-path="url(#clip-72B53A8F-48D2-421E-9EC9-9A8CE7DC52A1)"
transform="translate(-11 -15)">
<use fill="#00549e" stroke="none" xlink:href="#clxfa"></use>
</g>
</g>
</svg>
</i>
<div class="ddl_link_inline address shoponline"
style="display: inline-block; vertical-align: middle;">
<span class="link">
<span class="label_wrapper">
<span class="label">
Kúpiť teraz                                                    </span>
</span>
</span>
</div>
</a>
<div class="promo-countdown">

<i class="icon -lessThan48">
<svg xmlns="http://www.w3.org/2000/svg"
xmlns:xlink="http://www.w3.org/1999/xlink" width="22"
height="22" viewBox="0 0 22 22">
<defs>
<path id="ywjka"
d="M216.5 21a9.5 9.5 0 1 1-19 0 9.5 9.5 0 0 1 19 0z"/>
<path id="ywjkb" d="M207 14.5v7h-5"/>
</defs>
<g>
<g transform="translate(-196 -10)">
<use fill="#fff" fill-opacity="0" stroke="#fff"
stroke-miterlimit="50"
stroke-width="1.2" xlink:href="#ywjka"/>
</g>
<g transform="translate(-196 -10)">
<use fill="#fff" fill-opacity="0" stroke="#fff"
stroke-miterlimit="50"
stroke-width="1.2" xlink:href="#ywjkb"/>
</g>
</g>
</svg>
</i>

<i class="icon normal">
<svg xmlns="http://www.w3.org/2000/svg"
xmlns:xlink="http://www.w3.org/1999/xlink" width="22"
height="22" viewBox="0 0 22 22">
<defs>
<path id="ywjka"
d="M216.5 21a9.5 9.5 0 1 1-19 0 9.5 9.5 0 0 1 19 0z"/>
<path id="ywjkb" d="M207 14.5v7h-5"/>
</defs>
<g>
<g transform="translate(-196 -10)">
<use fill="#00539F" fill-opacity="0" stroke="#00539F"
stroke-miterlimit="50"
stroke-width="1.2" xlink:href="#ywjka"/>
</g>
<g transform="translate(-196 -10)">
<use fill="#00539F" fill-opacity="0" stroke="#00539F"
stroke-miterlimit="50"
stroke-width="1.2" xlink:href="#ywjkb"/>
</g>
</g>
</svg>
</i>

<div class="promo-countdown-wrapper">
<p>Zľava končí</p>
<b data-countdown="2023/01/04 0:00:00"
data-count-down-dur-locale="&quot;{\&quot;S\&quot;:\&quot;m\&quot;,\&quot;SS\&quot;:\&quot;m\&quot;,\&quot;s\&quot;:\&quot;d\&quot;,\&quot;ss\&quot;:\&quot;s\&quot;,\&quot;m\&quot;:\&quot;m\&quot;,\&quot;mm\&quot;:\&quot;m\&quot;,\&quot;h\&quot;:\&quot;h\&quot;,\&quot;hh\&quot;:\&quot;h\&quot;,\&quot;d\&quot;:\&quot;d\&quot;,\&quot;dd\&quot;:\&quot;d\&quot;,\&quot;w\&quot;:\&quot;t\&quot;,\&quot;ww\&quot;:\&quot;t\&quot;,\&quot;M\&quot;:\&quot;m\&quot;,\&quot;MM\&quot;:\&quot;m\&quot;,\&quot;y\&quot;:\&quot;r\&quot;,\&quot;yy\&quot;:\&quot;l\&quot;}&quot;"></b>
</div>
</div>
</div>
<a href="/akciove-ponuky/akciove-produkty/produkt/napoje/nealkoholicke-napoje/coca-cola-1/"
class="details-box" tabindex="0">
<div class="product__inner cc-tier2-higher-than-10-prod-blue-border">

<div class="product__info-wrapper">
<span class="product__name">Coca-Cola</span>
<div class="product__secondary-text">
<div>
viac druhov, 2,25 l. 
Záloha za vratný 
obal 0,15                            </div>
<span>Pôvodná cena:</span>
<span class="product__price-text">1,59
(1 l=0,71 €)                </span>
<div class="product__price-cc-text">
<span>s Clubcard:</span>
</div>
<span class="product__price-cc-text">0,99</span>
(1 l=0,44 €)        </div>
<div class="product__discount-percentage">
<div class="product__discount-normal-price">
1,59
</div>
<div class="discount-percentage__text">
<span>
-37
<span class="discount__percentage-sign">%</span>
</span>
</div>
</div>
<div class="product__price-wrapper-outer-box">
<div class="product__price-wrapper">
<div class="product__price ">
<span class="price__left-part">
0,99
</span>
</div>
<div class="product__cc-price-text">
Clubcard ceny
</div>
</div>
</div>
</div>
<div class="product__img-wrapper">
<div class="product__img-holder">
<img data-src="/img/opt/tescoce_sk/products/2022-12-28/png/coca-cola-2002121563612-1-5k.png" src="/img/lq/tescoce_sk/products/2022-12-28/png/coca-cola-2002121563612-1-5k.png" alt="Coca-Cola"//><noscript><img src="/img/opt/tescoce_sk/products/2022-12-28/png/coca-cola-2002121563612-1-5k.png" alt="Coca-Cola"//></noscript>
</div>
<img
class="country-flag"
src=""
alt=""
/>
</div>
</div>                                                            </a>
<div class="shopping-list-parts">
<div class="add-button">
<i class="icon">
<svg viewBox="0 0 24 24" width="100%" height="100%">
<line x1="3" y1="12" x2="21" y2="12"></line>
<line x1="12" y1="3" x2="12" y2="21"></line>
</svg>
</i>
<div class="add-text ddl_link_inline address addtoshoppinglist">
<div>
<span class="label_wrapper">
<span class="label">Pridať do zoznamu</span>
</span>
</div>
</div>
<span class="added-text">Pridané do <a
href="/akciove-ponuky/nakupny-zoznam/"
title="zoznamu"
target="_blank">zoznamu</a></span>
</div>
<div class="add-item">
<div class="add-item__inner">
<div class="newddl-text-field newddl-quantity qty_div">
<div class="newddl-button blue icon-bg standalone search-icon no-float less-button disabled">
<i class="icon">
<svg viewBox="0 0 24 8" width="100%" height="100%">
<line x1="3" y1="4" x2="21" y2="4"></line>
</svg>
</i>
</div>
<input type="text" class="newddl-quantity-input qty" value="1" min="1"
tabindex="0">
<div class="newddl-button blue icon-bg standalone search-icon no-float more-button">
<i class="icon">
<svg viewBox="0 0 24 24" width="100%" height="100%">
<line x1="3" y1="12" x2="21" y2="12"></line>
<line x1="12" y1="3" x2="12" y2="21"></line>
</svg>
</i>
</div>
</div>
<div class="newddl-button blue secondary no-float no-icon min-width accept-button add_to_basket"
onclick="addToBasket(this)"
data-template="/akciove-ponuky/nakupny-zoznam"
data-prod_id="1216542">
<span class="link-label">
Pridať do zoznamu                                              </span>
</div>
<div class="cancel-link"><a href="#cancel"
title="Zrušiť"
tabindex="0">Zrušiť</a>
</div>
</div>
</div>
<div class="added-item" style="">
<p class="t2 nddl">Pridané do <a
href="/akciove-ponuky/nakupny-zoznam/"
title="zoznamu"
target="_blank"
tabindex="0">zoznamu</a>
</p>
<a href="/akciove-ponuky/nakupny-zoznam/"
class="newddl-button blue secondary no-float no-icon min-width edit-button"
title="Upraviť zoznam" target="_blank"
tabindex="0">
<span class="link-label">Upraviť zoznam</span>
</a>
</div>
</div>
</div>

</div>
<div class="a-productListing__productsGrid__element">
<div class="ddl-product-lol  xEqHeights soon-expire"
title="Corgoň 10°">
<div class="status-bar cf">
<div class="hovershowtooltip">
<div class="inner">
Ponuka je platná do 10.01.2023.
</div>
<div class="arrow-container">
<div class="arrow-down"></div>
<div class="arrow-down-fg"></div>
</div>
</div>
<a href="https://potravinydomov.itesco.sk/groceries/sk-SK/products/2002121557113"
class="newddl-button left transparent ghs-link"
tabindex="0" target="_blank">
<i class="icon">
<svg xmlns="http://www.w3.org/2000/svg"
xmlns:xlink="http://www.w3.org/1999/xlink"
style="width: 20px !important" height="13" viewBox="0 0 23 13">
<defs>
<path id="clxfa"
d="M33.33 21.44c.44.1.67.38.67.8v3.1c0 .47-.38.84-.84.84h-.9a2.2 2.2 0 0 1-2.18 1.8 2.2 2.2 0 0 1-2.17-1.8h-7.9a2.22 2.22 0 0 1-2.2 1.82c-1.1 0-2-.79-2.19-1.82h-1.66c-.97 0-1.15-.92-1.25-1.41l-1.04-4.25-.41-.27a.3.3 0 0 1-.14-.23L11 18.73c0-.84.66-1.5 1.48-1.5h2.3l-.14.15a.46.46 0 0 0 0 .66.47.47 0 0 0 .66 0l.8-.8h.01l2.11-2.1c.14-.14.41-.19.58-.09.15.09.24.24.24.4 0 .13-.05.24-.14.33l-1.47 1.46h4.39l-1.47-1.46a.46.46 0 0 1 .1-.73c.17-.1.43-.05.57.1L24 18.08c.08.06.18.1.28.1.17 0 .32-.09.4-.24.1-.17.05-.43-.09-.57l-.14-.14h2.31c.77 0 1.39.57 1.47 1.3h1.75c.22 0 .8 0 1.03.71l.8 1.94zM28.7 25.8c0 .75.62 1.36 1.37 1.36.86 0 1.54-.77 1.35-1.65-.1-.52-.53-.93-1.05-1.04a1.38 1.38 0 0 0-1.67 1.33zm-2.17-1c-.05.23-.12.44-.22.63h1.6a2.2 2.2 0 0 1 2.16-1.81c1.09 0 2 .76 2.18 1.8h.9c.04 0 .07-.03.07-.06v-3.11-.04l-.06-.01-1.7-.28a.39.39 0 0 1-.3-.23l-.9-2.2c-.05-.16-.08-.17-.29-.17h-1.77-.02l-.06.71a.3.3 0 0 1-.14.23l-.41.27zm-8.25-4.07a.42.42 0 0 0-.42.43l.29 2.69a.42.42 0 1 0 .83-.02l-.28-2.69a.42.42 0 0 0-.42-.4zm-3 3.15c.02.21.2.38.41.38h.04a.42.42 0 0 0 .38-.46l-.43-2.69a.41.41 0 0 0-.45-.38.42.42 0 0 0-.38.46zm2.53 3.27c.61 0 1.13-.4 1.3-.96h-2.6c.16.56.68.96 1.3.96zm4.11-6a.42.42 0 0 0-.41-.42.41.41 0 0 0-.42.4l-.28 2.72c0 .22.18.4.41.4.23 0 .42-.18.42-.39zm2.17 3.1c.22 0 .4-.16.42-.36l.43-2.71a.41.41 0 0 0-.38-.45.42.42 0 0 0-.45.37l-.43 2.71c-.01.11.02.22.1.3.07.09.17.14.28.15z"></path>
</defs>
<g>
<g clip-path="url(#clip-72B53A8F-48D2-421E-9EC9-9A8CE7DC52A1)"
transform="translate(-11 -15)">
<use fill="#00549e" stroke="none" xlink:href="#clxfa"></use>
</g>
</g>
</svg>
</i>
<div class="ddl_link_inline address shoponline"
style="display: inline-block; vertical-align: middle;">
<span class="link">
<span class="label_wrapper">
<span class="label">
Kúpiť teraz                                                    </span>
</span>
</span>
</div>
</a>
<div class="promo-countdown">

<i class="icon -lessThan48">
<svg xmlns="http://www.w3.org/2000/svg"
xmlns:xlink="http://www.w3.org/1999/xlink" width="22"
height="22" viewBox="0 0 22 22">
<defs>
<path id="ywjka"
d="M216.5 21a9.5 9.5 0 1 1-19 0 9.5 9.5 0 0 1 19 0z"/>
<path id="ywjkb" d="M207 14.5v7h-5"/>
</defs>
<g>
<g transform="translate(-196 -10)">
<use fill="#fff" fill-opacity="0" stroke="#fff"
stroke-miterlimit="50"
stroke-width="1.2" xlink:href="#ywjka"/>
</g>
<g transform="translate(-196 -10)">
<use fill="#fff" fill-opacity="0" stroke="#fff"
stroke-miterlimit="50"
stroke-width="1.2" xlink:href="#ywjkb"/>
</g>
</g>
</svg>
</i>

<i class="icon normal">
<svg xmlns="http://www.w3.org/2000/svg"
xmlns:xlink="http://www.w3.org/1999/xlink" width="22"
height="22" viewBox="0 0 22 22">
<defs>
<path id="ywjka"
d="M216.5 21a9.5 9.5 0 1 1-19 0 9.5 9.5 0 0 1 19 0z"/>
<path id="ywjkb" d="M207 14.5v7h-5"/>
</defs>
<g>
<g transform="translate(-196 -10)">
<use fill="#00539F" fill-opacity="0" stroke="#00539F"
stroke-miterlimit="50"
stroke-width="1.2" xlink:href="#ywjka"/>
</g>
<g transform="translate(-196 -10)">
<use fill="#00539F" fill-opacity="0" stroke="#00539F"
stroke-miterlimit="50"
stroke-width="1.2" xlink:href="#ywjkb"/>
</g>
</g>
</svg>
</i>

<div class="promo-countdown-wrapper">
<p>Zľava končí</p>
<b data-countdown="2023/01/11 0:00:00"
data-count-down-dur-locale="&quot;{\&quot;S\&quot;:\&quot;m\&quot;,\&quot;SS\&quot;:\&quot;m\&quot;,\&quot;s\&quot;:\&quot;d\&quot;,\&quot;ss\&quot;:\&quot;s\&quot;,\&quot;m\&quot;:\&quot;m\&quot;,\&quot;mm\&quot;:\&quot;m\&quot;,\&quot;h\&quot;:\&quot;h\&quot;,\&quot;hh\&quot;:\&quot;h\&quot;,\&quot;d\&quot;:\&quot;d\&quot;,\&quot;dd\&quot;:\&quot;d\&quot;,\&quot;w\&quot;:\&quot;t\&quot;,\&quot;ww\&quot;:\&quot;t\&quot;,\&quot;M\&quot;:\&quot;m\&quot;,\&quot;MM\&quot;:\&quot;m\&quot;,\&quot;y\&quot;:\&quot;r\&quot;,\&quot;yy\&quot;:\&quot;l\&quot;}&quot;"></b>
</div>
</div>
</div>
<a href="/akciove-ponuky/akciove-produkty/produkt/napoje/piva/corgon-10/"
class="details-box" tabindex="0">
<div class="product__inner cc-tier2-higher-than-10-prod-blue-border">

<div class="product__info-wrapper">
<span class="product__name">Corgoň 10°</span>
<div class="product__secondary-text">
<div>
plechovka, 0,55 l 
Záloha za vratný obal 0,15                            </div>
<span>Pôvodná cena:</span>
<span class="product__price-text">0,75
(1 l=1,36 €)                </span>
<div class="product__price-cc-text">
<span>s Clubcard:</span>
</div>
<span class="product__price-cc-text">0,42</span>
(1 l=0,76 €)        </div>
<div class="product__discount-percentage">
<div class="product__discount-normal-price">
0,75
</div>
<div class="discount-percentage__text">
<span>
-44
<span class="discount__percentage-sign">%</span>
</span>
</div>
</div>
<div class="product__price-wrapper-outer-box">
<div class="product__price-wrapper">
<div class="product__price ">
<span class="price__left-part">
0,42
</span>
</div>
<div class="product__cc-price-text">
Clubcard ceny
</div>
</div>
</div>
</div>
<div class="product__img-wrapper">
<div class="product__img-holder">
<img data-src="/img/opt/tescoce_sk/products/2022-12-28/png/corgon-plech-2002121557113-1-5k.png" src="/img/lq/tescoce_sk/products/2022-12-28/png/corgon-plech-2002121557113-1-5k.png" alt="Corgoň 10°"//><noscript><img src="/img/opt/tescoce_sk/products/2022-12-28/png/corgon-plech-2002121557113-1-5k.png" alt="Corgoň 10°"//></noscript>
</div>
<img
class="country-flag"
src="/img/npc/flags/slovak.svg"
alt="szlovák zászló"
/>
</div>
</div>                                                            </a>
<div class="shopping-list-parts">
<div class="add-button">
<i class="icon">
<svg viewBox="0 0 24 24" width="100%" height="100%">
<line x1="3" y1="12" x2="21" y2="12"></line>
<line x1="12" y1="3" x2="12" y2="21"></line>
</svg>
</i>
<div class="add-text ddl_link_inline address addtoshoppinglist">
<div>
<span class="label_wrapper">
<span class="label">Pridať do zoznamu</span>
</span>
</div>
</div>
<span class="added-text">Pridané do <a
href="/akciove-ponuky/nakupny-zoznam/"
title="zoznamu"
target="_blank">zoznamu</a></span>
</div>
<div class="add-item">
<div class="add-item__inner">
<div class="newddl-text-field newddl-quantity qty_div">
<div class="newddl-button blue icon-bg standalone search-icon no-float less-button disabled">
<i class="icon">
<svg viewBox="0 0 24 8" width="100%" height="100%">
<line x1="3" y1="4" x2="21" y2="4"></line>
</svg>
</i>
</div>
<input type="text" class="newddl-quantity-input qty" value="1" min="1"
tabindex="0">
<div class="newddl-button blue icon-bg standalone search-icon no-float more-button">
<i class="icon">
<svg viewBox="0 0 24 24" width="100%" height="100%">
<line x1="3" y1="12" x2="21" y2="12"></line>
<line x1="12" y1="3" x2="12" y2="21"></line>
</svg>
</i>
</div>
</div>
<div class="newddl-button blue secondary no-float no-icon min-width accept-button add_to_basket"
onclick="addToBasket(this)"
data-template="/akciove-ponuky/nakupny-zoznam"
data-prod_id="1215952">
<span class="link-label">
Pridať do zoznamu                                              </span>
</div>
<div class="cancel-link"><a href="#cancel"
title="Zrušiť"
tabindex="0">Zrušiť</a>
</div>
</div>
</div>
<div class="added-item" style="">
<p class="t2 nddl">Pridané do <a
href="/akciove-ponuky/nakupny-zoznam/"
title="zoznamu"
target="_blank"
tabindex="0">zoznamu</a>
</p>
<a href="/akciove-ponuky/nakupny-zoznam/"
class="newddl-button blue secondary no-float no-icon min-width edit-button"
title="Upraviť zoznam" target="_blank"
tabindex="0">
<span class="link-label">Upraviť zoznam</span>
</a>
</div>
</div>
</div>

</div>
<div class="a-productListing__productsGrid__element">
<div class="ddl-product-lol  xEqHeights soon-expire"
title="Desperados">
<div class="status-bar cf">
<div class="promo-countdown">

<i class="icon -lessThan48">
<svg xmlns="http://www.w3.org/2000/svg"
xmlns:xlink="http://www.w3.org/1999/xlink" width="22"
height="22" viewBox="0 0 22 22">
<defs>
<path id="ywjka"
d="M216.5 21a9.5 9.5 0 1 1-19 0 9.5 9.5 0 0 1 19 0z"/>
<path id="ywjkb" d="M207 14.5v7h-5"/>
</defs>
<g>
<g transform="translate(-196 -10)">
<use fill="#fff" fill-opacity="0" stroke="#fff"
stroke-miterlimit="50"
stroke-width="1.2" xlink:href="#ywjka"/>
</g>
<g transform="translate(-196 -10)">
<use fill="#fff" fill-opacity="0" stroke="#fff"
stroke-miterlimit="50"
stroke-width="1.2" xlink:href="#ywjkb"/>
</g>
</g>
</svg>
</i>

<i class="icon normal">
<svg xmlns="http://www.w3.org/2000/svg"
xmlns:xlink="http://www.w3.org/1999/xlink" width="22"
height="22" viewBox="0 0 22 22">
<defs>
<path id="ywjka"
d="M216.5 21a9.5 9.5 0 1 1-19 0 9.5 9.5 0 0 1 19 0z"/>
<path id="ywjkb" d="M207 14.5v7h-5"/>
</defs>
<g>
<g transform="translate(-196 -10)">
<use fill="#00539F" fill-opacity="0" stroke="#00539F"
stroke-miterlimit="50"
stroke-width="1.2" xlink:href="#ywjka"/>
</g>
<g transform="translate(-196 -10)">
<use fill="#00539F" fill-opacity="0" stroke="#00539F"
stroke-miterlimit="50"
stroke-width="1.2" xlink:href="#ywjkb"/>
</g>
</g>
</svg>
</i>

<div class="promo-countdown-wrapper">
<p>Zľava končí</p>
<b data-countdown="2023/01/11 0:00:00"
data-count-down-dur-locale="&quot;{\&quot;S\&quot;:\&quot;m\&quot;,\&quot;SS\&quot;:\&quot;m\&quot;,\&quot;s\&quot;:\&quot;d\&quot;,\&quot;ss\&quot;:\&quot;s\&quot;,\&quot;m\&quot;:\&quot;m\&quot;,\&quot;mm\&quot;:\&quot;m\&quot;,\&quot;h\&quot;:\&quot;h\&quot;,\&quot;hh\&quot;:\&quot;h\&quot;,\&quot;d\&quot;:\&quot;d\&quot;,\&quot;dd\&quot;:\&quot;d\&quot;,\&quot;w\&quot;:\&quot;t\&quot;,\&quot;ww\&quot;:\&quot;t\&quot;,\&quot;M\&quot;:\&quot;m\&quot;,\&quot;MM\&quot;:\&quot;m\&quot;,\&quot;y\&quot;:\&quot;r\&quot;,\&quot;yy\&quot;:\&quot;l\&quot;}&quot;"></b>
</div>
</div>
</div>
<a href="/akciove-ponuky/akciove-produkty/produkt/napoje/piva/desperados/"
class="details-box" tabindex="0">
<div class="product__inner cc-tier2-higher-than-10-prod-blue-border">

<div class="product__info-wrapper">
<span class="product__name">Desperados</span>
<div class="product__secondary-text">
<div>
viac druhov, 
plechovka, 0,5 l. 
Záloha za vratný obal 0,15                            </div>
<span>Pôvodná cena:</span>
<span class="product__price-text">1,55
(1 l=3,10 €)                </span>
<div class="product__price-cc-text">
<span>s Clubcard:</span>
</div>
<span class="product__price-cc-text">0,99</span>
(1 l=1,98 €)        </div>
<div class="product__discount-percentage">
<div class="product__discount-normal-price">
1,55
</div>
<div class="discount-percentage__text">
<span>
-36
<span class="discount__percentage-sign">%</span>
</span>
</div>
</div>
<div class="product__price-wrapper-outer-box">
<div class="product__price-wrapper">
<div class="product__price ">
<span class="price__left-part">
0,99
</span>
</div>
<div class="product__cc-price-text">
Clubcard ceny
</div>
</div>
</div>
</div>
<div class="product__img-wrapper">
<div class="product__img-holder">
<img data-src="/img/opt/tescoce_sk/products/2022-12-28/png/desperados-2002121557643-1-5k.png" src="/img/lq/tescoce_sk/products/2022-12-28/png/desperados-2002121557643-1-5k.png" alt="Desperados"//><noscript><img src="/img/opt/tescoce_sk/products/2022-12-28/png/desperados-2002121557643-1-5k.png" alt="Desperados"//></noscript>
</div>
<img
class="country-flag"
src=""
alt=""
/>
</div>
</div>                                                            </a>
<div class="shopping-list-parts">
<div class="add-button">
<i class="icon">
<svg viewBox="0 0 24 24" width="100%" height="100%">
<line x1="3" y1="12" x2="21" y2="12"></line>
<line x1="12" y1="3" x2="12" y2="21"></line>
</svg>
</i>
<div class="add-text ddl_link_inline address addtoshoppinglist">
<div>
<span class="label_wrapper">
<span class="label">Pridať do zoznamu</span>
</span>
</div>
</div>
<span class="added-text">Pridané do <a
href="/akciove-ponuky/nakupny-zoznam/"
title="zoznamu"
target="_blank">zoznamu</a></span>
</div>
<div class="add-item">
<div class="add-item__inner">
<div class="newddl-text-field newddl-quantity qty_div">
<div class="newddl-button blue icon-bg standalone search-icon no-float less-button disabled">
<i class="icon">
<svg viewBox="0 0 24 8" width="100%" height="100%">
<line x1="3" y1="4" x2="21" y2="4"></line>
</svg>
</i>
</div>
<input type="text" class="newddl-quantity-input qty" value="1" min="1"
tabindex="0">
<div class="newddl-button blue icon-bg standalone search-icon no-float more-button">
<i class="icon">
<svg viewBox="0 0 24 24" width="100%" height="100%">
<line x1="3" y1="12" x2="21" y2="12"></line>
<line x1="12" y1="3" x2="12" y2="21"></line>
</svg>
</i>
</div>
</div>
<div class="newddl-button blue secondary no-float no-icon min-width accept-button add_to_basket"
onclick="addToBasket(this)"
data-template="/akciove-ponuky/nakupny-zoznam"
data-prod_id="1217072">
<span class="link-label">
Pridať do zoznamu                                              </span>
</div>
<div class="cancel-link"><a href="#cancel"
title="Zrušiť"
tabindex="0">Zrušiť</a>
</div>
</div>
</div>
<div class="added-item" style="">
<p class="t2 nddl">Pridané do <a
href="/akciove-ponuky/nakupny-zoznam/"
title="zoznamu"
target="_blank"
tabindex="0">zoznamu</a>
</p>
<a href="/akciove-ponuky/nakupny-zoznam/"
class="newddl-button blue secondary no-float no-icon min-width edit-button"
title="Upraviť zoznam" target="_blank"
tabindex="0">
<span class="link-label">Upraviť zoznam</span>
</a>
</div>
</div>
</div>

</div>
<div class="a-productListing__productsGrid__element">
<div class="ddl-product-lol  xEqHeights soon-expire"
title="Fatra minerálna voda">
<div class="status-bar cf">
<div class="hovershowtooltip">
<div class="inner">
Ponuka je platná do 03.01.2023.
</div>
<div class="arrow-container">
<div class="arrow-down"></div>
<div class="arrow-down-fg"></div>
</div>
</div>
<a href="https://potravinydomov.itesco.sk/groceries/sk-SK/products/2002121561096"
class="newddl-button left transparent ghs-link"
tabindex="0" target="_blank">
<i class="icon">
<svg xmlns="http://www.w3.org/2000/svg"
xmlns:xlink="http://www.w3.org/1999/xlink"
style="width: 20px !important" height="13" viewBox="0 0 23 13">
<defs>
<path id="clxfa"
d="M33.33 21.44c.44.1.67.38.67.8v3.1c0 .47-.38.84-.84.84h-.9a2.2 2.2 0 0 1-2.18 1.8 2.2 2.2 0 0 1-2.17-1.8h-7.9a2.22 2.22 0 0 1-2.2 1.82c-1.1 0-2-.79-2.19-1.82h-1.66c-.97 0-1.15-.92-1.25-1.41l-1.04-4.25-.41-.27a.3.3 0 0 1-.14-.23L11 18.73c0-.84.66-1.5 1.48-1.5h2.3l-.14.15a.46.46 0 0 0 0 .66.47.47 0 0 0 .66 0l.8-.8h.01l2.11-2.1c.14-.14.41-.19.58-.09.15.09.24.24.24.4 0 .13-.05.24-.14.33l-1.47 1.46h4.39l-1.47-1.46a.46.46 0 0 1 .1-.73c.17-.1.43-.05.57.1L24 18.08c.08.06.18.1.28.1.17 0 .32-.09.4-.24.1-.17.05-.43-.09-.57l-.14-.14h2.31c.77 0 1.39.57 1.47 1.3h1.75c.22 0 .8 0 1.03.71l.8 1.94zM28.7 25.8c0 .75.62 1.36 1.37 1.36.86 0 1.54-.77 1.35-1.65-.1-.52-.53-.93-1.05-1.04a1.38 1.38 0 0 0-1.67 1.33zm-2.17-1c-.05.23-.12.44-.22.63h1.6a2.2 2.2 0 0 1 2.16-1.81c1.09 0 2 .76 2.18 1.8h.9c.04 0 .07-.03.07-.06v-3.11-.04l-.06-.01-1.7-.28a.39.39 0 0 1-.3-.23l-.9-2.2c-.05-.16-.08-.17-.29-.17h-1.77-.02l-.06.71a.3.3 0 0 1-.14.23l-.41.27zm-8.25-4.07a.42.42 0 0 0-.42.43l.29 2.69a.42.42 0 1 0 .83-.02l-.28-2.69a.42.42 0 0 0-.42-.4zm-3 3.15c.02.21.2.38.41.38h.04a.42.42 0 0 0 .38-.46l-.43-2.69a.41.41 0 0 0-.45-.38.42.42 0 0 0-.38.46zm2.53 3.27c.61 0 1.13-.4 1.3-.96h-2.6c.16.56.68.96 1.3.96zm4.11-6a.42.42 0 0 0-.41-.42.41.41 0 0 0-.42.4l-.28 2.72c0 .22.18.4.41.4.23 0 .42-.18.42-.39zm2.17 3.1c.22 0 .4-.16.42-.36l.43-2.71a.41.41 0 0 0-.38-.45.42.42 0 0 0-.45.37l-.43 2.71c-.01.11.02.22.1.3.07.09.17.14.28.15z"></path>
</defs>
<g>
<g clip-path="url(#clip-72B53A8F-48D2-421E-9EC9-9A8CE7DC52A1)"
transform="translate(-11 -15)">
<use fill="#00549e" stroke="none" xlink:href="#clxfa"></use>
</g>
</g>
</svg>
</i>
<div class="ddl_link_inline address shoponline"
style="display: inline-block; vertical-align: middle;">
<span class="link">
<span class="label_wrapper">
<span class="label">
Kúpiť teraz                                                    </span>
</span>
</span>
</div>
</a>
<div class="promo-countdown">

<i class="icon -lessThan48">
<svg xmlns="http://www.w3.org/2000/svg"
xmlns:xlink="http://www.w3.org/1999/xlink" width="22"
height="22" viewBox="0 0 22 22">
<defs>
<path id="ywjka"
d="M216.5 21a9.5 9.5 0 1 1-19 0 9.5 9.5 0 0 1 19 0z"/>
<path id="ywjkb" d="M207 14.5v7h-5"/>
</defs>
<g>
<g transform="translate(-196 -10)">
<use fill="#fff" fill-opacity="0" stroke="#fff"
stroke-miterlimit="50"
stroke-width="1.2" xlink:href="#ywjka"/>
</g>
<g transform="translate(-196 -10)">
<use fill="#fff" fill-opacity="0" stroke="#fff"
stroke-miterlimit="50"
stroke-width="1.2" xlink:href="#ywjkb"/>
</g>
</g>
</svg>
</i>

<i class="icon normal">
<svg xmlns="http://www.w3.org/2000/svg"
xmlns:xlink="http://www.w3.org/1999/xlink" width="22"
height="22" viewBox="0 0 22 22">
<defs>
<path id="ywjka"
d="M216.5 21a9.5 9.5 0 1 1-19 0 9.5 9.5 0 0 1 19 0z"/>
<path id="ywjkb" d="M207 14.5v7h-5"/>
</defs>
<g>
<g transform="translate(-196 -10)">
<use fill="#00539F" fill-opacity="0" stroke="#00539F"
stroke-miterlimit="50"
stroke-width="1.2" xlink:href="#ywjka"/>
</g>
<g transform="translate(-196 -10)">
<use fill="#00539F" fill-opacity="0" stroke="#00539F"
stroke-miterlimit="50"
stroke-width="1.2" xlink:href="#ywjkb"/>
</g>
</g>
</svg>
</i>

<div class="promo-countdown-wrapper">
<p>Zľava končí</p>
<b data-countdown="2023/01/04 0:00:00"
data-count-down-dur-locale="&quot;{\&quot;S\&quot;:\&quot;m\&quot;,\&quot;SS\&quot;:\&quot;m\&quot;,\&quot;s\&quot;:\&quot;d\&quot;,\&quot;ss\&quot;:\&quot;s\&quot;,\&quot;m\&quot;:\&quot;m\&quot;,\&quot;mm\&quot;:\&quot;m\&quot;,\&quot;h\&quot;:\&quot;h\&quot;,\&quot;hh\&quot;:\&quot;h\&quot;,\&quot;d\&quot;:\&quot;d\&quot;,\&quot;dd\&quot;:\&quot;d\&quot;,\&quot;w\&quot;:\&quot;t\&quot;,\&quot;ww\&quot;:\&quot;t\&quot;,\&quot;M\&quot;:\&quot;m\&quot;,\&quot;MM\&quot;:\&quot;m\&quot;,\&quot;y\&quot;:\&quot;r\&quot;,\&quot;yy\&quot;:\&quot;l\&quot;}&quot;"></b>
</div>
</div>
</div>
<a href="/akciove-ponuky/akciove-produkty/produkt/napoje/mineralne-a-stolove-vody/fatra-mineralna-voda/"
class="details-box" tabindex="0">
<div class="product__inner cc-tier2-higher-than-10-prod-blue-border">

<div class="product__info-wrapper">
<span class="product__name">Fatra minerálna voda</span>
<div class="product__secondary-text">
<div>
sýtená, 1 l 
Záloha za vratný obal 0,15                            </div>
<span>Pôvodná cena:</span>
<span class="product__price-text">0,99
(1 l=0,99 €)                </span>
<div class="product__price-cc-text">
<span>s Clubcard:</span>
</div>
<span class="product__price-cc-text">0,79</span>
(1 l=0,79 €)        </div>
<div class="product__discount-percentage">
<div class="product__discount-normal-price">
0,99
</div>
<div class="discount-percentage__text">
<span>
-20
<span class="discount__percentage-sign">%</span>
</span>
</div>
</div>
<div class="product__price-wrapper-outer-box">
<div class="product__price-wrapper">
<div class="product__price ">
<span class="price__left-part">
0,79
</span>
</div>
<div class="product__cc-price-text">
Clubcard ceny
</div>
</div>
</div>
</div>
<div class="product__img-wrapper">
<div class="product__img-holder">
<img data-src="/img/opt/tescoce_sk/products/2022-12-28/png/fatra-mineralna-voda-2002121561096-1-5k.png" src="/img/lq/tescoce_sk/products/2022-12-28/png/fatra-mineralna-voda-2002121561096-1-5k.png" alt="Fatra minerálna voda"//><noscript><img src="/img/opt/tescoce_sk/products/2022-12-28/png/fatra-mineralna-voda-2002121561096-1-5k.png" alt="Fatra minerálna voda"//></noscript>
</div>
<img
class="country-flag"
src="/img/npc/flags/slovak.svg"
alt="szlovák zászló"
/>
</div>
</div>                                                            </a>
<div class="shopping-list-parts">
<div class="add-button">
<i class="icon">
<svg viewBox="0 0 24 24" width="100%" height="100%">
<line x1="3" y1="12" x2="21" y2="12"></line>
<line x1="12" y1="3" x2="12" y2="21"></line>
</svg>
</i>
<div class="add-text ddl_link_inline address addtoshoppinglist">
<div>
<span class="label_wrapper">
<span class="label">Pridať do zoznamu</span>
</span>
</div>
</div>
<span class="added-text">Pridané do <a
href="/akciove-ponuky/nakupny-zoznam/"
title="zoznamu"
target="_blank">zoznamu</a></span>
</div>
<div class="add-item">
<div class="add-item__inner">
<div class="newddl-text-field newddl-quantity qty_div">
<div class="newddl-button blue icon-bg standalone search-icon no-float less-button disabled">
<i class="icon">
<svg viewBox="0 0 24 8" width="100%" height="100%">
<line x1="3" y1="4" x2="21" y2="4"></line>
</svg>
</i>
</div>
<input type="text" class="newddl-quantity-input qty" value="1" min="1"
tabindex="0">
<div class="newddl-button blue icon-bg standalone search-icon no-float more-button">
<i class="icon">
<svg viewBox="0 0 24 24" width="100%" height="100%">
<line x1="3" y1="12" x2="21" y2="12"></line>
<line x1="12" y1="3" x2="12" y2="21"></line>
</svg>
</i>
</div>
</div>
<div class="newddl-button blue secondary no-float no-icon min-width accept-button add_to_basket"
onclick="addToBasket(this)"
data-template="/akciove-ponuky/nakupny-zoznam"
data-prod_id="1215912">
<span class="link-label">
Pridať do zoznamu                                              </span>
</div>
<div class="cancel-link"><a href="#cancel"
title="Zrušiť"
tabindex="0">Zrušiť</a>
</div>
</div>
</div>
<div class="added-item" style="">
<p class="t2 nddl">Pridané do <a
href="/akciove-ponuky/nakupny-zoznam/"
title="zoznamu"
target="_blank"
tabindex="0">zoznamu</a>
</p>
<a href="/akciove-ponuky/nakupny-zoznam/"
class="newddl-button blue secondary no-float no-icon min-width edit-button"
title="Upraviť zoznam" target="_blank"
tabindex="0">
<span class="link-label">Upraviť zoznam</span>
</a>
</div>
</div>
</div>

</div>
<div class="a-productListing__productsGrid__element">
<div class="ddl-product-lol  xEqHeights soon-expire"
title="Gemerka magnéziová minerálna voda">
<div class="status-bar cf">
<div class="hovershowtooltip">
<div class="inner">
Ponuka je platná do 10.01.2023.
</div>
<div class="arrow-container">
<div class="arrow-down"></div>
<div class="arrow-down-fg"></div>
</div>
</div>
<a href="https://potravinydomov.itesco.sk/groceries/sk-SK/products/2002121560978"
class="newddl-button left transparent ghs-link"
tabindex="0" target="_blank">
<i class="icon">
<svg xmlns="http://www.w3.org/2000/svg"
xmlns:xlink="http://www.w3.org/1999/xlink"
style="width: 20px !important" height="13" viewBox="0 0 23 13">
<defs>
<path id="clxfa"
d="M33.33 21.44c.44.1.67.38.67.8v3.1c0 .47-.38.84-.84.84h-.9a2.2 2.2 0 0 1-2.18 1.8 2.2 2.2 0 0 1-2.17-1.8h-7.9a2.22 2.22 0 0 1-2.2 1.82c-1.1 0-2-.79-2.19-1.82h-1.66c-.97 0-1.15-.92-1.25-1.41l-1.04-4.25-.41-.27a.3.3 0 0 1-.14-.23L11 18.73c0-.84.66-1.5 1.48-1.5h2.3l-.14.15a.46.46 0 0 0 0 .66.47.47 0 0 0 .66 0l.8-.8h.01l2.11-2.1c.14-.14.41-.19.58-.09.15.09.24.24.24.4 0 .13-.05.24-.14.33l-1.47 1.46h4.39l-1.47-1.46a.46.46 0 0 1 .1-.73c.17-.1.43-.05.57.1L24 18.08c.08.06.18.1.28.1.17 0 .32-.09.4-.24.1-.17.05-.43-.09-.57l-.14-.14h2.31c.77 0 1.39.57 1.47 1.3h1.75c.22 0 .8 0 1.03.71l.8 1.94zM28.7 25.8c0 .75.62 1.36 1.37 1.36.86 0 1.54-.77 1.35-1.65-.1-.52-.53-.93-1.05-1.04a1.38 1.38 0 0 0-1.67 1.33zm-2.17-1c-.05.23-.12.44-.22.63h1.6a2.2 2.2 0 0 1 2.16-1.81c1.09 0 2 .76 2.18 1.8h.9c.04 0 .07-.03.07-.06v-3.11-.04l-.06-.01-1.7-.28a.39.39 0 0 1-.3-.23l-.9-2.2c-.05-.16-.08-.17-.29-.17h-1.77-.02l-.06.71a.3.3 0 0 1-.14.23l-.41.27zm-8.25-4.07a.42.42 0 0 0-.42.43l.29 2.69a.42.42 0 1 0 .83-.02l-.28-2.69a.42.42 0 0 0-.42-.4zm-3 3.15c.02.21.2.38.41.38h.04a.42.42 0 0 0 .38-.46l-.43-2.69a.41.41 0 0 0-.45-.38.42.42 0 0 0-.38.46zm2.53 3.27c.61 0 1.13-.4 1.3-.96h-2.6c.16.56.68.96 1.3.96zm4.11-6a.42.42 0 0 0-.41-.42.41.41 0 0 0-.42.4l-.28 2.72c0 .22.18.4.41.4.23 0 .42-.18.42-.39zm2.17 3.1c.22 0 .4-.16.42-.36l.43-2.71a.41.41 0 0 0-.38-.45.42.42 0 0 0-.45.37l-.43 2.71c-.01.11.02.22.1.3.07.09.17.14.28.15z"></path>
</defs>
<g>
<g clip-path="url(#clip-72B53A8F-48D2-421E-9EC9-9A8CE7DC52A1)"
transform="translate(-11 -15)">
<use fill="#00549e" stroke="none" xlink:href="#clxfa"></use>
</g>
</g>
</svg>
</i>
<div class="ddl_link_inline address shoponline"
style="display: inline-block; vertical-align: middle;">
<span class="link">
<span class="label_wrapper">
<span class="label">
Kúpiť teraz                                                    </span>
</span>
</span>
</div>
</a>
<div class="promo-countdown">

<i class="icon -lessThan48">
<svg xmlns="http://www.w3.org/2000/svg"
xmlns:xlink="http://www.w3.org/1999/xlink" width="22"
height="22" viewBox="0 0 22 22">
<defs>
<path id="ywjka"
d="M216.5 21a9.5 9.5 0 1 1-19 0 9.5 9.5 0 0 1 19 0z"/>
<path id="ywjkb" d="M207 14.5v7h-5"/>
</defs>
<g>
<g transform="translate(-196 -10)">
<use fill="#fff" fill-opacity="0" stroke="#fff"
stroke-miterlimit="50"
stroke-width="1.2" xlink:href="#ywjka"/>
</g>
<g transform="translate(-196 -10)">
<use fill="#fff" fill-opacity="0" stroke="#fff"
stroke-miterlimit="50"
stroke-width="1.2" xlink:href="#ywjkb"/>
</g>
</g>
</svg>
</i>

<i class="icon normal">
<svg xmlns="http://www.w3.org/2000/svg"
xmlns:xlink="http://www.w3.org/1999/xlink" width="22"
height="22" viewBox="0 0 22 22">
<defs>
<path id="ywjka"
d="M216.5 21a9.5 9.5 0 1 1-19 0 9.5 9.5 0 0 1 19 0z"/>
<path id="ywjkb" d="M207 14.5v7h-5"/>
</defs>
<g>
<g transform="translate(-196 -10)">
<use fill="#00539F" fill-opacity="0" stroke="#00539F"
stroke-miterlimit="50"
stroke-width="1.2" xlink:href="#ywjka"/>
</g>
<g transform="translate(-196 -10)">
<use fill="#00539F" fill-opacity="0" stroke="#00539F"
stroke-miterlimit="50"
stroke-width="1.2" xlink:href="#ywjkb"/>
</g>
</g>
</svg>
</i>

<div class="promo-countdown-wrapper">
<p>Zľava končí</p>
<b data-countdown="2023/01/11 0:00:00"
data-count-down-dur-locale="&quot;{\&quot;S\&quot;:\&quot;m\&quot;,\&quot;SS\&quot;:\&quot;m\&quot;,\&quot;s\&quot;:\&quot;d\&quot;,\&quot;ss\&quot;:\&quot;s\&quot;,\&quot;m\&quot;:\&quot;m\&quot;,\&quot;mm\&quot;:\&quot;m\&quot;,\&quot;h\&quot;:\&quot;h\&quot;,\&quot;hh\&quot;:\&quot;h\&quot;,\&quot;d\&quot;:\&quot;d\&quot;,\&quot;dd\&quot;:\&quot;d\&quot;,\&quot;w\&quot;:\&quot;t\&quot;,\&quot;ww\&quot;:\&quot;t\&quot;,\&quot;M\&quot;:\&quot;m\&quot;,\&quot;MM\&quot;:\&quot;m\&quot;,\&quot;y\&quot;:\&quot;r\&quot;,\&quot;yy\&quot;:\&quot;l\&quot;}&quot;"></b>
</div>
</div>
</div>
<a href="/akciove-ponuky/akciove-produkty/produkt/napoje/mineralne-a-stolove-vody/gemerka-magneziova-mineralna-voda/"
class="details-box" tabindex="0">
<div class="product__inner cc-tier2-higher-than-10-prod-blue-border">

<div class="product__info-wrapper">
<span class="product__name">Gemerka magnéziová minerálna voda</span>
<div class="product__secondary-text">
<div>
viac druhov, 1,5 l. 
Záloha za vratný obal 0,15                            </div>
<span>Pôvodná cena:</span>
<span class="product__price-text">0,66
(1 l=0,44 €)                </span>
<div class="product__price-cc-text">
<span>s Clubcard:</span>
</div>
<span class="product__price-cc-text">0,39</span>
(1 l=0,26 €)        </div>
<div class="product__discount-percentage">
<div class="product__discount-normal-price">
0,66
</div>
<div class="discount-percentage__text">
<span>
-40
<span class="discount__percentage-sign">%</span>
</span>
</div>
</div>
<div class="product__price-wrapper-outer-box">
<div class="product__price-wrapper">
<div class="product__price ">
<span class="price__left-part">
0,39
</span>
</div>
<div class="product__cc-price-text">
Clubcard ceny
</div>
</div>
</div>
</div>
<div class="product__img-wrapper">
<div class="product__img-holder">
<img data-src="/img/opt/tescoce_sk/products/2022-12-28/png/gemerka-magneziova-mineralna-voda-2002121560978-1-5k.png" src="/img/lq/tescoce_sk/products/2022-12-28/png/gemerka-magneziova-mineralna-voda-2002121560978-1-5k.png" alt="Gemerka magnéziová minerálna voda"//><noscript><img src="/img/opt/tescoce_sk/products/2022-12-28/png/gemerka-magneziova-mineralna-voda-2002121560978-1-5k.png" alt="Gemerka magnéziová minerálna voda"//></noscript>
</div>
<img
class="country-flag"
src="/img/npc/flags/slovak.svg"
alt="szlovák zászló"
/>
</div>
</div>                                                            </a>
<div class="shopping-list-parts">
<div class="add-button">
<i class="icon">
<svg viewBox="0 0 24 24" width="100%" height="100%">
<line x1="3" y1="12" x2="21" y2="12"></line>
<line x1="12" y1="3" x2="12" y2="21"></line>
</svg>
</i>
<div class="add-text ddl_link_inline address addtoshoppinglist">
<div>
<span class="label_wrapper">
<span class="label">Pridať do zoznamu</span>
</span>
</div>
</div>
<span class="added-text">Pridané do <a
href="/akciove-ponuky/nakupny-zoznam/"
title="zoznamu"
target="_blank">zoznamu</a></span>
</div>
<div class="add-item">
<div class="add-item__inner">
<div class="newddl-text-field newddl-quantity qty_div">
<div class="newddl-button blue icon-bg standalone search-icon no-float less-button disabled">
<i class="icon">
<svg viewBox="0 0 24 8" width="100%" height="100%">
<line x1="3" y1="4" x2="21" y2="4"></line>
</svg>
</i>
</div>
<input type="text" class="newddl-quantity-input qty" value="1" min="1"
tabindex="0">
<div class="newddl-button blue icon-bg standalone search-icon no-float more-button">
<i class="icon">
<svg viewBox="0 0 24 24" width="100%" height="100%">
<line x1="3" y1="12" x2="21" y2="12"></line>
<line x1="12" y1="3" x2="12" y2="21"></line>
</svg>
</i>
</div>
</div>
<div class="newddl-button blue secondary no-float no-icon min-width accept-button add_to_basket"
onclick="addToBasket(this)"
data-template="/akciove-ponuky/nakupny-zoznam"
data-prod_id="1217152">
<span class="link-label">
Pridať do zoznamu                                              </span>
</div>
<div class="cancel-link"><a href="#cancel"
title="Zrušiť"
tabindex="0">Zrušiť</a>
</div>
</div>
</div>
<div class="added-item" style="">
<p class="t2 nddl">Pridané do <a
href="/akciove-ponuky/nakupny-zoznam/"
title="zoznamu"
target="_blank"
tabindex="0">zoznamu</a>
</p>
<a href="/akciove-ponuky/nakupny-zoznam/"
class="newddl-button blue secondary no-float no-icon min-width edit-button"
title="Upraviť zoznam" target="_blank"
tabindex="0">
<span class="link-label">Upraviť zoznam</span>
</a>
</div>
</div>
</div>

</div>
<div class="a-productListing__productsGrid__element">
<div class="ddl-product-lol  xEqHeights soon-expire"
title="Gordons pink 37,5%">
<div class="status-bar cf">
<div class="promo-countdown -lessThan48">

<i class="icon -lessThan48">
<svg xmlns="http://www.w3.org/2000/svg"
xmlns:xlink="http://www.w3.org/1999/xlink" width="22"
height="22" viewBox="0 0 22 22">
<defs>
<path id="ywjka"
d="M216.5 21a9.5 9.5 0 1 1-19 0 9.5 9.5 0 0 1 19 0z"/>
<path id="ywjkb" d="M207 14.5v7h-5"/>
</defs>
<g>
<g transform="translate(-196 -10)">
<use fill="#fff" fill-opacity="0" stroke="#fff"
stroke-miterlimit="50"
stroke-width="1.2" xlink:href="#ywjka"/>
</g>
<g transform="translate(-196 -10)">
<use fill="#fff" fill-opacity="0" stroke="#fff"
stroke-miterlimit="50"
stroke-width="1.2" xlink:href="#ywjkb"/>
</g>
</g>
</svg>
</i>

<i class="icon normal">
<svg xmlns="http://www.w3.org/2000/svg"
xmlns:xlink="http://www.w3.org/1999/xlink" width="22"
height="22" viewBox="0 0 22 22">
<defs>
<path id="ywjka"
d="M216.5 21a9.5 9.5 0 1 1-19 0 9.5 9.5 0 0 1 19 0z"/>
<path id="ywjkb" d="M207 14.5v7h-5"/>
</defs>
<g>
<g transform="translate(-196 -10)">
<use fill="#00539F" fill-opacity="0" stroke="#00539F"
stroke-miterlimit="50"
stroke-width="1.2" xlink:href="#ywjka"/>
</g>
<g transform="translate(-196 -10)">
<use fill="#00539F" fill-opacity="0" stroke="#00539F"
stroke-miterlimit="50"
stroke-width="1.2" xlink:href="#ywjkb"/>
</g>
</g>
</svg>
</i>

<div class="promo-countdown-wrapper">
<p>Zľava končí</p>
<b data-countdown="2023/01/01 0:00:00"
data-count-down-dur-locale="&quot;{\&quot;S\&quot;:\&quot;m\&quot;,\&quot;SS\&quot;:\&quot;m\&quot;,\&quot;s\&quot;:\&quot;d\&quot;,\&quot;ss\&quot;:\&quot;s\&quot;,\&quot;m\&quot;:\&quot;m\&quot;,\&quot;mm\&quot;:\&quot;m\&quot;,\&quot;h\&quot;:\&quot;h\&quot;,\&quot;hh\&quot;:\&quot;h\&quot;,\&quot;d\&quot;:\&quot;d\&quot;,\&quot;dd\&quot;:\&quot;d\&quot;,\&quot;w\&quot;:\&quot;t\&quot;,\&quot;ww\&quot;:\&quot;t\&quot;,\&quot;M\&quot;:\&quot;m\&quot;,\&quot;MM\&quot;:\&quot;m\&quot;,\&quot;y\&quot;:\&quot;r\&quot;,\&quot;yy\&quot;:\&quot;l\&quot;}&quot;"></b>
</div>
</div>
</div>
<a href="/akciove-ponuky/akciove-produkty/produkt/napoje/liehoviny-a-likery/gordons-pink-37-5/"
class="details-box" tabindex="0">
<div class="product__inner cc-tier2-higher-than-10-prod-blue-border">

<div class="product__info-wrapper">
<span class="product__name">Gordons pink 37,5%</span>
<div class="product__secondary-text">
<div>
0,7 l + pohár                            </div>
<span>Pôvodná cena:</span>
<span class="product__price-text">18,99
(1 l=27,13 €)                </span>
<div class="product__price-cc-text">
<span>s Clubcard:</span>
</div>
<span class="product__price-cc-text">15,19</span>
(1 l=21,70 €)        </div>
<div class="product__discount-percentage">
<div class="product__discount-normal-price">
18,99
</div>
<div class="discount-percentage__text">
<span>
-20
<span class="discount__percentage-sign">%</span>
</span>
</div>
</div>
<div class="product__price-wrapper-outer-box">
<div class="product__price-wrapper">
<div class="product__price ">
<span class="price__left-part">
15,19
</span>
</div>
<div class="product__cc-price-text">
Clubcard ceny
</div>
</div>
</div>
</div>
<div class="product__img-wrapper">
<div class="product__img-holder">
<img data-src="/img/opt/tescoce_sk/products/2022-11-09/png/gordons-pink-37-5-2002020339810-1-5k.png" src="/img/lq/tescoce_sk/products/2022-11-09/png/gordons-pink-37-5-2002020339810-1-5k.png" alt="Gordons pink 37,5%"//><noscript><img src="/img/opt/tescoce_sk/products/2022-11-09/png/gordons-pink-37-5-2002020339810-1-5k.png" alt="Gordons pink 37,5%"//></noscript>
</div>
<img
class="country-flag"
src=""
alt=""
/>
</div>
</div>                                                            </a>
<div class="shopping-list-parts">
<div class="add-button">
<i class="icon">
<svg viewBox="0 0 24 24" width="100%" height="100%">
<line x1="3" y1="12" x2="21" y2="12"></line>
<line x1="12" y1="3" x2="12" y2="21"></line>
</svg>
</i>
<div class="add-text ddl_link_inline address addtoshoppinglist">
<div>
<span class="label_wrapper">
<span class="label">Pridať do zoznamu</span>
</span>
</div>
</div>
<span class="added-text">Pridané do <a
href="/akciove-ponuky/nakupny-zoznam/"
title="zoznamu"
target="_blank">zoznamu</a></span>
</div>
<div class="add-item">
<div class="add-item__inner">
<div class="newddl-text-field newddl-quantity qty_div">
<div class="newddl-button blue icon-bg standalone search-icon no-float less-button disabled">
<i class="icon">
<svg viewBox="0 0 24 8" width="100%" height="100%">
<line x1="3" y1="4" x2="21" y2="4"></line>
</svg>
</i>
</div>
<input type="text" class="newddl-quantity-input qty" value="1" min="1"
tabindex="0">
<div class="newddl-button blue icon-bg standalone search-icon no-float more-button">
<i class="icon">
<svg viewBox="0 0 24 24" width="100%" height="100%">
<line x1="3" y1="12" x2="21" y2="12"></line>
<line x1="12" y1="3" x2="12" y2="21"></line>
</svg>
</i>
</div>
</div>
<div class="newddl-button blue secondary no-float no-icon min-width accept-button add_to_basket"
onclick="addToBasket(this)"
data-template="/akciove-ponuky/nakupny-zoznam"
data-prod_id="1187602">
<span class="link-label">
Pridať do zoznamu                                              </span>
</div>
<div class="cancel-link"><a href="#cancel"
title="Zrušiť"
tabindex="0">Zrušiť</a>
</div>
</div>
</div>
<div class="added-item" style="">
<p class="t2 nddl">Pridané do <a
href="/akciove-ponuky/nakupny-zoznam/"
title="zoznamu"
target="_blank"
tabindex="0">zoznamu</a>
</p>
<a href="/akciove-ponuky/nakupny-zoznam/"
class="newddl-button blue secondary no-float no-icon min-width edit-button"
title="Upraviť zoznam" target="_blank"
tabindex="0">
<span class="link-label">Upraviť zoznam</span>
</a>
</div>
</div>
</div>

</div>
<div class="a-productListing__productsGrid__element">
<div class="ddl-product-lol  xEqHeights soon-expire"
title="Grey Goose vodka 40%">
<div class="status-bar cf">
<div class="promo-countdown">

<i class="icon -lessThan48">
<svg xmlns="http://www.w3.org/2000/svg"
xmlns:xlink="http://www.w3.org/1999/xlink" width="22"
height="22" viewBox="0 0 22 22">
<defs>
<path id="ywjka"
d="M216.5 21a9.5 9.5 0 1 1-19 0 9.5 9.5 0 0 1 19 0z"/>
<path id="ywjkb" d="M207 14.5v7h-5"/>
</defs>
<g>
<g transform="translate(-196 -10)">
<use fill="#fff" fill-opacity="0" stroke="#fff"
stroke-miterlimit="50"
stroke-width="1.2" xlink:href="#ywjka"/>
</g>
<g transform="translate(-196 -10)">
<use fill="#fff" fill-opacity="0" stroke="#fff"
stroke-miterlimit="50"
stroke-width="1.2" xlink:href="#ywjkb"/>
</g>
</g>
</svg>
</i>

<i class="icon normal">
<svg xmlns="http://www.w3.org/2000/svg"
xmlns:xlink="http://www.w3.org/1999/xlink" width="22"
height="22" viewBox="0 0 22 22">
<defs>
<path id="ywjka"
d="M216.5 21a9.5 9.5 0 1 1-19 0 9.5 9.5 0 0 1 19 0z"/>
<path id="ywjkb" d="M207 14.5v7h-5"/>
</defs>
<g>
<g transform="translate(-196 -10)">
<use fill="#00539F" fill-opacity="0" stroke="#00539F"
stroke-miterlimit="50"
stroke-width="1.2" xlink:href="#ywjka"/>
</g>
<g transform="translate(-196 -10)">
<use fill="#00539F" fill-opacity="0" stroke="#00539F"
stroke-miterlimit="50"
stroke-width="1.2" xlink:href="#ywjkb"/>
</g>
</g>
</svg>
</i>

<div class="promo-countdown-wrapper">
<p>Zľava končí</p>
<b data-countdown="2023/01/04 0:00:00"
data-count-down-dur-locale="&quot;{\&quot;S\&quot;:\&quot;m\&quot;,\&quot;SS\&quot;:\&quot;m\&quot;,\&quot;s\&quot;:\&quot;d\&quot;,\&quot;ss\&quot;:\&quot;s\&quot;,\&quot;m\&quot;:\&quot;m\&quot;,\&quot;mm\&quot;:\&quot;m\&quot;,\&quot;h\&quot;:\&quot;h\&quot;,\&quot;hh\&quot;:\&quot;h\&quot;,\&quot;d\&quot;:\&quot;d\&quot;,\&quot;dd\&quot;:\&quot;d\&quot;,\&quot;w\&quot;:\&quot;t\&quot;,\&quot;ww\&quot;:\&quot;t\&quot;,\&quot;M\&quot;:\&quot;m\&quot;,\&quot;MM\&quot;:\&quot;m\&quot;,\&quot;y\&quot;:\&quot;r\&quot;,\&quot;yy\&quot;:\&quot;l\&quot;}&quot;"></b>
</div>
</div>
</div>
<a href="/akciove-ponuky/akciove-produkty/produkt/napoje/liehoviny-a-likery/grey-goose-vodka-40/"
class="details-box" tabindex="0">
<div class="product__inner cc-tier2-higher-than-10-prod-blue-border">

<div class="product__info-wrapper">
<span class="product__name">Grey Goose vodka 40%</span>
<div class="product__secondary-text">
<div>
0,7 l                            </div>
<span>Pôvodná cena:</span>
<span class="product__price-text">46,99
(1 l=67,13 €)                </span>
<div class="product__price-cc-text">
<span>s Clubcard:</span>
</div>
<span class="product__price-cc-text">37,59</span>
(1 l=53,70 €)        </div>
<div class="product__discount-percentage">
<div class="product__discount-normal-price">
46,99
</div>
<div class="discount-percentage__text">
<span>
-20
<span class="discount__percentage-sign">%</span>
</span>
</div>
</div>
<div class="product__price-wrapper-outer-box">
<div class="product__price-wrapper">
<div class="product__price ">
<span class="price__left-part">
37,59
</span>
</div>
<div class="product__cc-price-text">
Clubcard ceny
</div>
</div>
</div>
</div>
<div class="product__img-wrapper">
<div class="product__img-holder">
<img data-src="/img/opt/tescoce_sk/products/2022-12-14/png/grey-goose-vodka-2002020054474-1-5k.png" src="/img/lq/tescoce_sk/products/2022-12-14/png/grey-goose-vodka-2002020054474-1-5k.png" alt="Grey Goose vodka 40%"//><noscript><img src="/img/opt/tescoce_sk/products/2022-12-14/png/grey-goose-vodka-2002020054474-1-5k.png" alt="Grey Goose vodka 40%"//></noscript>
</div>
<img
class="country-flag"
src=""
alt=""
/>
</div>
</div>                                                            </a>
<div class="shopping-list-parts">
<div class="add-button">
<i class="icon">
<svg viewBox="0 0 24 24" width="100%" height="100%">
<line x1="3" y1="12" x2="21" y2="12"></line>
<line x1="12" y1="3" x2="12" y2="21"></line>
</svg>
</i>
<div class="add-text ddl_link_inline address addtoshoppinglist">
<div>
<span class="label_wrapper">
<span class="label">Pridať do zoznamu</span>
</span>
</div>
</div>
<span class="added-text">Pridané do <a
href="/akciove-ponuky/nakupny-zoznam/"
title="zoznamu"
target="_blank">zoznamu</a></span>
</div>
<div class="add-item">
<div class="add-item__inner">
<div class="newddl-text-field newddl-quantity qty_div">
<div class="newddl-button blue icon-bg standalone search-icon no-float less-button disabled">
<i class="icon">
<svg viewBox="0 0 24 8" width="100%" height="100%">
<line x1="3" y1="4" x2="21" y2="4"></line>
</svg>
</i>
</div>
<input type="text" class="newddl-quantity-input qty" value="1" min="1"
tabindex="0">
<div class="newddl-button blue icon-bg standalone search-icon no-float more-button">
<i class="icon">
<svg viewBox="0 0 24 24" width="100%" height="100%">
<line x1="3" y1="12" x2="21" y2="12"></line>
<line x1="12" y1="3" x2="12" y2="21"></line>
</svg>
</i>
</div>
</div>
<div class="newddl-button blue secondary no-float no-icon min-width accept-button add_to_basket"
onclick="addToBasket(this)"
data-template="/akciove-ponuky/nakupny-zoznam"
data-prod_id="1211552">
<span class="link-label">
Pridať do zoznamu                                              </span>
</div>
<div class="cancel-link"><a href="#cancel"
title="Zrušiť"
tabindex="0">Zrušiť</a>
</div>
</div>
</div>
<div class="added-item" style="">
<p class="t2 nddl">Pridané do <a
href="/akciove-ponuky/nakupny-zoznam/"
title="zoznamu"
target="_blank"
tabindex="0">zoznamu</a>
</p>
<a href="/akciove-ponuky/nakupny-zoznam/"
class="newddl-button blue secondary no-float no-icon min-width edit-button"
title="Upraviť zoznam" target="_blank"
tabindex="0">
<span class="link-label">Upraviť zoznam</span>
</a>
</div>
</div>
</div>

</div>
<div class="a-productListing__productsGrid__element">
<div class="ddl-product-lol  xEqHeights soon-expire"
title="Heffron 5Yo 38 %">
<div class="status-bar cf">
<div class="hovershowtooltip">
<div class="inner">
Ponuka je platná do 31.12.2022.
</div>
<div class="arrow-container">
<div class="arrow-down"></div>
<div class="arrow-down-fg"></div>
</div>
</div>
<a href="https://potravinydomov.itesco.sk/groceries/sk-SK/products/2002020339655"
class="newddl-button left transparent ghs-link"
tabindex="0" target="_blank">
<i class="icon">
<svg xmlns="http://www.w3.org/2000/svg"
xmlns:xlink="http://www.w3.org/1999/xlink"
style="width: 20px !important" height="13" viewBox="0 0 23 13">
<defs>
<path id="clxfa"
d="M33.33 21.44c.44.1.67.38.67.8v3.1c0 .47-.38.84-.84.84h-.9a2.2 2.2 0 0 1-2.18 1.8 2.2 2.2 0 0 1-2.17-1.8h-7.9a2.22 2.22 0 0 1-2.2 1.82c-1.1 0-2-.79-2.19-1.82h-1.66c-.97 0-1.15-.92-1.25-1.41l-1.04-4.25-.41-.27a.3.3 0 0 1-.14-.23L11 18.73c0-.84.66-1.5 1.48-1.5h2.3l-.14.15a.46.46 0 0 0 0 .66.47.47 0 0 0 .66 0l.8-.8h.01l2.11-2.1c.14-.14.41-.19.58-.09.15.09.24.24.24.4 0 .13-.05.24-.14.33l-1.47 1.46h4.39l-1.47-1.46a.46.46 0 0 1 .1-.73c.17-.1.43-.05.57.1L24 18.08c.08.06.18.1.28.1.17 0 .32-.09.4-.24.1-.17.05-.43-.09-.57l-.14-.14h2.31c.77 0 1.39.57 1.47 1.3h1.75c.22 0 .8 0 1.03.71l.8 1.94zM28.7 25.8c0 .75.62 1.36 1.37 1.36.86 0 1.54-.77 1.35-1.65-.1-.52-.53-.93-1.05-1.04a1.38 1.38 0 0 0-1.67 1.33zm-2.17-1c-.05.23-.12.44-.22.63h1.6a2.2 2.2 0 0 1 2.16-1.81c1.09 0 2 .76 2.18 1.8h.9c.04 0 .07-.03.07-.06v-3.11-.04l-.06-.01-1.7-.28a.39.39 0 0 1-.3-.23l-.9-2.2c-.05-.16-.08-.17-.29-.17h-1.77-.02l-.06.71a.3.3 0 0 1-.14.23l-.41.27zm-8.25-4.07a.42.42 0 0 0-.42.43l.29 2.69a.42.42 0 1 0 .83-.02l-.28-2.69a.42.42 0 0 0-.42-.4zm-3 3.15c.02.21.2.38.41.38h.04a.42.42 0 0 0 .38-.46l-.43-2.69a.41.41 0 0 0-.45-.38.42.42 0 0 0-.38.46zm2.53 3.27c.61 0 1.13-.4 1.3-.96h-2.6c.16.56.68.96 1.3.96zm4.11-6a.42.42 0 0 0-.41-.42.41.41 0 0 0-.42.4l-.28 2.72c0 .22.18.4.41.4.23 0 .42-.18.42-.39zm2.17 3.1c.22 0 .4-.16.42-.36l.43-2.71a.41.41 0 0 0-.38-.45.42.42 0 0 0-.45.37l-.43 2.71c-.01.11.02.22.1.3.07.09.17.14.28.15z"></path>
</defs>
<g>
<g clip-path="url(#clip-72B53A8F-48D2-421E-9EC9-9A8CE7DC52A1)"
transform="translate(-11 -15)">
<use fill="#00549e" stroke="none" xlink:href="#clxfa"></use>
</g>
</g>
</svg>
</i>
<div class="ddl_link_inline address shoponline"
style="display: inline-block; vertical-align: middle;">
<span class="link">
<span class="label_wrapper">
<span class="label">
Kúpiť teraz                                                    </span>
</span>
</span>
</div>
</a>
<div class="promo-countdown -lessThan48">

<i class="icon -lessThan48">
<svg xmlns="http://www.w3.org/2000/svg"
xmlns:xlink="http://www.w3.org/1999/xlink" width="22"
height="22" viewBox="0 0 22 22">
<defs>
<path id="ywjka"
d="M216.5 21a9.5 9.5 0 1 1-19 0 9.5 9.5 0 0 1 19 0z"/>
<path id="ywjkb" d="M207 14.5v7h-5"/>
</defs>
<g>
<g transform="translate(-196 -10)">
<use fill="#fff" fill-opacity="0" stroke="#fff"
stroke-miterlimit="50"
stroke-width="1.2" xlink:href="#ywjka"/>
</g>
<g transform="translate(-196 -10)">
<use fill="#fff" fill-opacity="0" stroke="#fff"
stroke-miterlimit="50"
stroke-width="1.2" xlink:href="#ywjkb"/>
</g>
</g>
</svg>
</i>

<i class="icon normal">
<svg xmlns="http://www.w3.org/2000/svg"
xmlns:xlink="http://www.w3.org/1999/xlink" width="22"
height="22" viewBox="0 0 22 22">
<defs>
<path id="ywjka"
d="M216.5 21a9.5 9.5 0 1 1-19 0 9.5 9.5 0 0 1 19 0z"/>
<path id="ywjkb" d="M207 14.5v7h-5"/>
</defs>
<g>
<g transform="translate(-196 -10)">
<use fill="#00539F" fill-opacity="0" stroke="#00539F"
stroke-miterlimit="50"
stroke-width="1.2" xlink:href="#ywjka"/>
</g>
<g transform="translate(-196 -10)">
<use fill="#00539F" fill-opacity="0" stroke="#00539F"
stroke-miterlimit="50"
stroke-width="1.2" xlink:href="#ywjkb"/>
</g>
</g>
</svg>
</i>

<div class="promo-countdown-wrapper">
<p>Zľava končí</p>
<b data-countdown="2023/01/01 0:00:00"
data-count-down-dur-locale="&quot;{\&quot;S\&quot;:\&quot;m\&quot;,\&quot;SS\&quot;:\&quot;m\&quot;,\&quot;s\&quot;:\&quot;d\&quot;,\&quot;ss\&quot;:\&quot;s\&quot;,\&quot;m\&quot;:\&quot;m\&quot;,\&quot;mm\&quot;:\&quot;m\&quot;,\&quot;h\&quot;:\&quot;h\&quot;,\&quot;hh\&quot;:\&quot;h\&quot;,\&quot;d\&quot;:\&quot;d\&quot;,\&quot;dd\&quot;:\&quot;d\&quot;,\&quot;w\&quot;:\&quot;t\&quot;,\&quot;ww\&quot;:\&quot;t\&quot;,\&quot;M\&quot;:\&quot;m\&quot;,\&quot;MM\&quot;:\&quot;m\&quot;,\&quot;y\&quot;:\&quot;r\&quot;,\&quot;yy\&quot;:\&quot;l\&quot;}&quot;"></b>
</div>
</div>
</div>
<a href="/akciove-ponuky/akciove-produkty/produkt/napoje/liehoviny-a-likery/heffron-5yo-38/"
class="details-box" tabindex="0">
<div class="product__inner cc-tier2-higher-than-10-prod-blue-border">

<div class="product__info-wrapper">
<span class="product__name">Heffron 5Yo 38 %</span>
<div class="product__secondary-text">
<div>
0,5 l + pohár                            </div>
<span>Pôvodná cena:</span>
<span class="product__price-text">14,99
(1 l=29,98 €)                </span>
<div class="product__price-cc-text">
<span>s Clubcard:</span>
</div>
<span class="product__price-cc-text">11,99</span>
(1 l=23,98 €)        </div>
<div class="product__discount-percentage">
<div class="product__discount-normal-price">
14,99
</div>
<div class="discount-percentage__text">
<span>
-20
<span class="discount__percentage-sign">%</span>
</span>
</div>
</div>
<div class="product__price-wrapper-outer-box">
<div class="product__price-wrapper">
<div class="product__price ">
<span class="price__left-part">
11,99
</span>
</div>
<div class="product__cc-price-text">
Clubcard ceny
</div>
</div>
</div>
</div>
<div class="product__img-wrapper">
<div class="product__img-holder">
<img data-src="/img/opt/tescoce_sk/products/2022-12-07/png/heffron-5yo-38-2002020339655-1-5k.png" src="/img/lq/tescoce_sk/products/2022-12-07/png/heffron-5yo-38-2002020339655-1-5k.png" alt="Heffron 5Yo 38 %"//><noscript><img src="/img/opt/tescoce_sk/products/2022-12-07/png/heffron-5yo-38-2002020339655-1-5k.png" alt="Heffron 5Yo 38 %"//></noscript>
</div>
<img
class="country-flag"
src=""
alt=""
/>
</div>
</div>                                                            </a>
<div class="shopping-list-parts">
<div class="add-button">
<i class="icon">
<svg viewBox="0 0 24 24" width="100%" height="100%">
<line x1="3" y1="12" x2="21" y2="12"></line>
<line x1="12" y1="3" x2="12" y2="21"></line>
</svg>
</i>
<div class="add-text ddl_link_inline address addtoshoppinglist">
<div>
<span class="label_wrapper">
<span class="label">Pridať do zoznamu</span>
</span>
</div>
</div>
<span class="added-text">Pridané do <a
href="/akciove-ponuky/nakupny-zoznam/"
title="zoznamu"
target="_blank">zoznamu</a></span>
</div>
<div class="add-item">
<div class="add-item__inner">
<div class="newddl-text-field newddl-quantity qty_div">
<div class="newddl-button blue icon-bg standalone search-icon no-float less-button disabled">
<i class="icon">
<svg viewBox="0 0 24 8" width="100%" height="100%">
<line x1="3" y1="4" x2="21" y2="4"></line>
</svg>
</i>
</div>
<input type="text" class="newddl-quantity-input qty" value="1" min="1"
tabindex="0">
<div class="newddl-button blue icon-bg standalone search-icon no-float more-button">
<i class="icon">
<svg viewBox="0 0 24 24" width="100%" height="100%">
<line x1="3" y1="12" x2="21" y2="12"></line>
<line x1="12" y1="3" x2="12" y2="21"></line>
</svg>
</i>
</div>
</div>
<div class="newddl-button blue secondary no-float no-icon min-width accept-button add_to_basket"
onclick="addToBasket(this)"
data-template="/akciove-ponuky/nakupny-zoznam"
data-prod_id="1205991">
<span class="link-label">
Pridať do zoznamu                                              </span>
</div>
<div class="cancel-link"><a href="#cancel"
title="Zrušiť"
tabindex="0">Zrušiť</a>
</div>
</div>
</div>
<div class="added-item" style="">
<p class="t2 nddl">Pridané do <a
href="/akciove-ponuky/nakupny-zoznam/"
title="zoznamu"
target="_blank"
tabindex="0">zoznamu</a>
</p>
<a href="/akciove-ponuky/nakupny-zoznam/"
class="newddl-button blue secondary no-float no-icon min-width edit-button"
title="Upraviť zoznam" target="_blank"
tabindex="0">
<span class="link-label">Upraviť zoznam</span>
</a>
</div>
</div>
</div>

</div>
<div class="a-productListing__productsGrid__element">
<div class="ddl-product-lol  xEqHeights soon-expire"
title="Jack Daniel´s 40%">
<div class="status-bar cf">
<div class="hovershowtooltip">
<div class="inner">
Ponuka je platná do 31.12.2022.
</div>
<div class="arrow-container">
<div class="arrow-down"></div>
<div class="arrow-down-fg"></div>
</div>
</div>
<a href="https://potravinydomov.itesco.sk/groceries/sk-SK/products/2002120344073"
class="newddl-button left transparent ghs-link"
tabindex="0" target="_blank">
<i class="icon">
<svg xmlns="http://www.w3.org/2000/svg"
xmlns:xlink="http://www.w3.org/1999/xlink"
style="width: 20px !important" height="13" viewBox="0 0 23 13">
<defs>
<path id="clxfa"
d="M33.33 21.44c.44.1.67.38.67.8v3.1c0 .47-.38.84-.84.84h-.9a2.2 2.2 0 0 1-2.18 1.8 2.2 2.2 0 0 1-2.17-1.8h-7.9a2.22 2.22 0 0 1-2.2 1.82c-1.1 0-2-.79-2.19-1.82h-1.66c-.97 0-1.15-.92-1.25-1.41l-1.04-4.25-.41-.27a.3.3 0 0 1-.14-.23L11 18.73c0-.84.66-1.5 1.48-1.5h2.3l-.14.15a.46.46 0 0 0 0 .66.47.47 0 0 0 .66 0l.8-.8h.01l2.11-2.1c.14-.14.41-.19.58-.09.15.09.24.24.24.4 0 .13-.05.24-.14.33l-1.47 1.46h4.39l-1.47-1.46a.46.46 0 0 1 .1-.73c.17-.1.43-.05.57.1L24 18.08c.08.06.18.1.28.1.17 0 .32-.09.4-.24.1-.17.05-.43-.09-.57l-.14-.14h2.31c.77 0 1.39.57 1.47 1.3h1.75c.22 0 .8 0 1.03.71l.8 1.94zM28.7 25.8c0 .75.62 1.36 1.37 1.36.86 0 1.54-.77 1.35-1.65-.1-.52-.53-.93-1.05-1.04a1.38 1.38 0 0 0-1.67 1.33zm-2.17-1c-.05.23-.12.44-.22.63h1.6a2.2 2.2 0 0 1 2.16-1.81c1.09 0 2 .76 2.18 1.8h.9c.04 0 .07-.03.07-.06v-3.11-.04l-.06-.01-1.7-.28a.39.39 0 0 1-.3-.23l-.9-2.2c-.05-.16-.08-.17-.29-.17h-1.77-.02l-.06.71a.3.3 0 0 1-.14.23l-.41.27zm-8.25-4.07a.42.42 0 0 0-.42.43l.29 2.69a.42.42 0 1 0 .83-.02l-.28-2.69a.42.42 0 0 0-.42-.4zm-3 3.15c.02.21.2.38.41.38h.04a.42.42 0 0 0 .38-.46l-.43-2.69a.41.41 0 0 0-.45-.38.42.42 0 0 0-.38.46zm2.53 3.27c.61 0 1.13-.4 1.3-.96h-2.6c.16.56.68.96 1.3.96zm4.11-6a.42.42 0 0 0-.41-.42.41.41 0 0 0-.42.4l-.28 2.72c0 .22.18.4.41.4.23 0 .42-.18.42-.39zm2.17 3.1c.22 0 .4-.16.42-.36l.43-2.71a.41.41 0 0 0-.38-.45.42.42 0 0 0-.45.37l-.43 2.71c-.01.11.02.22.1.3.07.09.17.14.28.15z"></path>
</defs>
<g>
<g clip-path="url(#clip-72B53A8F-48D2-421E-9EC9-9A8CE7DC52A1)"
transform="translate(-11 -15)">
<use fill="#00549e" stroke="none" xlink:href="#clxfa"></use>
</g>
</g>
</svg>
</i>
<div class="ddl_link_inline address shoponline"
style="display: inline-block; vertical-align: middle;">
<span class="link">
<span class="label_wrapper">
<span class="label">
Kúpiť teraz                                                    </span>
</span>
</span>
</div>
</a>
<div class="promo-countdown -lessThan48">

<i class="icon -lessThan48">
<svg xmlns="http://www.w3.org/2000/svg"
xmlns:xlink="http://www.w3.org/1999/xlink" width="22"
height="22" viewBox="0 0 22 22">
<defs>
<path id="ywjka"
d="M216.5 21a9.5 9.5 0 1 1-19 0 9.5 9.5 0 0 1 19 0z"/>
<path id="ywjkb" d="M207 14.5v7h-5"/>
</defs>
<g>
<g transform="translate(-196 -10)">
<use fill="#fff" fill-opacity="0" stroke="#fff"
stroke-miterlimit="50"
stroke-width="1.2" xlink:href="#ywjka"/>
</g>
<g transform="translate(-196 -10)">
<use fill="#fff" fill-opacity="0" stroke="#fff"
stroke-miterlimit="50"
stroke-width="1.2" xlink:href="#ywjkb"/>
</g>
</g>
</svg>
</i>

<i class="icon normal">
<svg xmlns="http://www.w3.org/2000/svg"
xmlns:xlink="http://www.w3.org/1999/xlink" width="22"
height="22" viewBox="0 0 22 22">
<defs>
<path id="ywjka"
d="M216.5 21a9.5 9.5 0 1 1-19 0 9.5 9.5 0 0 1 19 0z"/>
<path id="ywjkb" d="M207 14.5v7h-5"/>
</defs>
<g>
<g transform="translate(-196 -10)">
<use fill="#00539F" fill-opacity="0" stroke="#00539F"
stroke-miterlimit="50"
stroke-width="1.2" xlink:href="#ywjka"/>
</g>
<g transform="translate(-196 -10)">
<use fill="#00539F" fill-opacity="0" stroke="#00539F"
stroke-miterlimit="50"
stroke-width="1.2" xlink:href="#ywjkb"/>
</g>
</g>
</svg>
</i>

<div class="promo-countdown-wrapper">
<p>Zľava končí</p>
<b data-countdown="2023/01/01 0:00:00"
data-count-down-dur-locale="&quot;{\&quot;S\&quot;:\&quot;m\&quot;,\&quot;SS\&quot;:\&quot;m\&quot;,\&quot;s\&quot;:\&quot;d\&quot;,\&quot;ss\&quot;:\&quot;s\&quot;,\&quot;m\&quot;:\&quot;m\&quot;,\&quot;mm\&quot;:\&quot;m\&quot;,\&quot;h\&quot;:\&quot;h\&quot;,\&quot;hh\&quot;:\&quot;h\&quot;,\&quot;d\&quot;:\&quot;d\&quot;,\&quot;dd\&quot;:\&quot;d\&quot;,\&quot;w\&quot;:\&quot;t\&quot;,\&quot;ww\&quot;:\&quot;t\&quot;,\&quot;M\&quot;:\&quot;m\&quot;,\&quot;MM\&quot;:\&quot;m\&quot;,\&quot;y\&quot;:\&quot;r\&quot;,\&quot;yy\&quot;:\&quot;l\&quot;}&quot;"></b>
</div>
</div>
</div>
<a href="/akciove-ponuky/akciove-produkty/produkt/napoje/liehoviny-a-likery/jack-daniel-s-40/"
class="details-box" tabindex="0">
<div class="product__inner cc-tier2-higher-than-10-prod-blue-border">

<div class="product__info-wrapper">
<span class="product__name">Jack Daniel´s 40%</span>
<div class="product__secondary-text">
<div>
0,7 l + 2 poháre                            </div>
<span>Pôvodná cena:</span>
<span class="product__price-text">34,99
(1 l=49,99 €)                </span>
<div class="product__price-cc-text">
<span>s Clubcard:</span>
</div>
<span class="product__price-cc-text">27,99</span>
(1 l=39,99 €)        </div>
<div class="product__discount-percentage">
<div class="product__discount-normal-price">
34,99
</div>
<div class="discount-percentage__text">
<span>
-20
<span class="discount__percentage-sign">%</span>
</span>
</div>
</div>
<div class="product__price-wrapper-outer-box">
<div class="product__price-wrapper">
<div class="product__price ">
<span class="price__left-part">
27,99
</span>
</div>
<div class="product__cc-price-text">
Clubcard ceny
</div>
</div>
</div>
</div>
<div class="product__img-wrapper">
<div class="product__img-holder">
<img data-src="/img/opt/tescoce_sk/products/2022-11-23/png/jack-daniel-s-40-2002120344073-1-5k.png" src="/img/lq/tescoce_sk/products/2022-11-23/png/jack-daniel-s-40-2002120344073-1-5k.png" alt="Jack Daniel´s 40%"//><noscript><img src="/img/opt/tescoce_sk/products/2022-11-23/png/jack-daniel-s-40-2002120344073-1-5k.png" alt="Jack Daniel´s 40%"//></noscript>
</div>
<img
class="country-flag"
src=""
alt=""
/>
</div>
</div>                                                            </a>
<div class="shopping-list-parts">
<div class="add-button">
<i class="icon">
<svg viewBox="0 0 24 24" width="100%" height="100%">
<line x1="3" y1="12" x2="21" y2="12"></line>
<line x1="12" y1="3" x2="12" y2="21"></line>
</svg>
</i>
<div class="add-text ddl_link_inline address addtoshoppinglist">
<div>
<span class="label_wrapper">
<span class="label">Pridať do zoznamu</span>
</span>
</div>
</div>
<span class="added-text">Pridané do <a
href="/akciove-ponuky/nakupny-zoznam/"
title="zoznamu"
target="_blank">zoznamu</a></span>
</div>
<div class="add-item">
<div class="add-item__inner">
<div class="newddl-text-field newddl-quantity qty_div">
<div class="newddl-button blue icon-bg standalone search-icon no-float less-button disabled">
<i class="icon">
<svg viewBox="0 0 24 8" width="100%" height="100%">
<line x1="3" y1="4" x2="21" y2="4"></line>
</svg>
</i>
</div>
<input type="text" class="newddl-quantity-input qty" value="1" min="1"
tabindex="0">
<div class="newddl-button blue icon-bg standalone search-icon no-float more-button">
<i class="icon">
<svg viewBox="0 0 24 24" width="100%" height="100%">
<line x1="3" y1="12" x2="21" y2="12"></line>
<line x1="12" y1="3" x2="12" y2="21"></line>
</svg>
</i>
</div>
</div>
<div class="newddl-button blue secondary no-float no-icon min-width accept-button add_to_basket"
onclick="addToBasket(this)"
data-template="/akciove-ponuky/nakupny-zoznam"
data-prod_id="1191972">
<span class="link-label">
Pridať do zoznamu                                              </span>
</div>
<div class="cancel-link"><a href="#cancel"
title="Zrušiť"
tabindex="0">Zrušiť</a>
</div>
</div>
</div>
<div class="added-item" style="">
<p class="t2 nddl">Pridané do <a
href="/akciove-ponuky/nakupny-zoznam/"
title="zoznamu"
target="_blank"
tabindex="0">zoznamu</a>
</p>
<a href="/akciove-ponuky/nakupny-zoznam/"
class="newddl-button blue secondary no-float no-icon min-width edit-button"
title="Upraviť zoznam" target="_blank"
tabindex="0">
<span class="link-label">Upraviť zoznam</span>
</a>
</div>
</div>
</div>

</div>
<div class="a-productListing__productsGrid__element">
<div class="ddl-product-lol  xEqHeights soon-expire"
title="Jacobs Krönung">
<div class="status-bar cf">
<div class="hovershowtooltip">
<div class="inner">
Ponuka je platná do 31.12.2022.
</div>
<div class="arrow-container">
<div class="arrow-down"></div>
<div class="arrow-down-fg"></div>
</div>
</div>
<a href="https://potravinydomov.itesco.sk/groceries/sk-SK/products/2002020339157"
class="newddl-button left transparent ghs-link"
tabindex="0" target="_blank">
<i class="icon">
<svg xmlns="http://www.w3.org/2000/svg"
xmlns:xlink="http://www.w3.org/1999/xlink"
style="width: 20px !important" height="13" viewBox="0 0 23 13">
<defs>
<path id="clxfa"
d="M33.33 21.44c.44.1.67.38.67.8v3.1c0 .47-.38.84-.84.84h-.9a2.2 2.2 0 0 1-2.18 1.8 2.2 2.2 0 0 1-2.17-1.8h-7.9a2.22 2.22 0 0 1-2.2 1.82c-1.1 0-2-.79-2.19-1.82h-1.66c-.97 0-1.15-.92-1.25-1.41l-1.04-4.25-.41-.27a.3.3 0 0 1-.14-.23L11 18.73c0-.84.66-1.5 1.48-1.5h2.3l-.14.15a.46.46 0 0 0 0 .66.47.47 0 0 0 .66 0l.8-.8h.01l2.11-2.1c.14-.14.41-.19.58-.09.15.09.24.24.24.4 0 .13-.05.24-.14.33l-1.47 1.46h4.39l-1.47-1.46a.46.46 0 0 1 .1-.73c.17-.1.43-.05.57.1L24 18.08c.08.06.18.1.28.1.17 0 .32-.09.4-.24.1-.17.05-.43-.09-.57l-.14-.14h2.31c.77 0 1.39.57 1.47 1.3h1.75c.22 0 .8 0 1.03.71l.8 1.94zM28.7 25.8c0 .75.62 1.36 1.37 1.36.86 0 1.54-.77 1.35-1.65-.1-.52-.53-.93-1.05-1.04a1.38 1.38 0 0 0-1.67 1.33zm-2.17-1c-.05.23-.12.44-.22.63h1.6a2.2 2.2 0 0 1 2.16-1.81c1.09 0 2 .76 2.18 1.8h.9c.04 0 .07-.03.07-.06v-3.11-.04l-.06-.01-1.7-.28a.39.39 0 0 1-.3-.23l-.9-2.2c-.05-.16-.08-.17-.29-.17h-1.77-.02l-.06.71a.3.3 0 0 1-.14.23l-.41.27zm-8.25-4.07a.42.42 0 0 0-.42.43l.29 2.69a.42.42 0 1 0 .83-.02l-.28-2.69a.42.42 0 0 0-.42-.4zm-3 3.15c.02.21.2.38.41.38h.04a.42.42 0 0 0 .38-.46l-.43-2.69a.41.41 0 0 0-.45-.38.42.42 0 0 0-.38.46zm2.53 3.27c.61 0 1.13-.4 1.3-.96h-2.6c.16.56.68.96 1.3.96zm4.11-6a.42.42 0 0 0-.41-.42.41.41 0 0 0-.42.4l-.28 2.72c0 .22.18.4.41.4.23 0 .42-.18.42-.39zm2.17 3.1c.22 0 .4-.16.42-.36l.43-2.71a.41.41 0 0 0-.38-.45.42.42 0 0 0-.45.37l-.43 2.71c-.01.11.02.22.1.3.07.09.17.14.28.15z"></path>
</defs>
<g>
<g clip-path="url(#clip-72B53A8F-48D2-421E-9EC9-9A8CE7DC52A1)"
transform="translate(-11 -15)">
<use fill="#00549e" stroke="none" xlink:href="#clxfa"></use>
</g>
</g>
</svg>
</i>
<div class="ddl_link_inline address shoponline"
style="display: inline-block; vertical-align: middle;">
<span class="link">
<span class="label_wrapper">
<span class="label">
Kúpiť teraz                                                    </span>
</span>
</span>
</div>
</a>
<div class="promo-countdown -lessThan48">

<i class="icon -lessThan48">
<svg xmlns="http://www.w3.org/2000/svg"
xmlns:xlink="http://www.w3.org/1999/xlink" width="22"
height="22" viewBox="0 0 22 22">
<defs>
<path id="ywjka"
d="M216.5 21a9.5 9.5 0 1 1-19 0 9.5 9.5 0 0 1 19 0z"/>
<path id="ywjkb" d="M207 14.5v7h-5"/>
</defs>
<g>
<g transform="translate(-196 -10)">
<use fill="#fff" fill-opacity="0" stroke="#fff"
stroke-miterlimit="50"
stroke-width="1.2" xlink:href="#ywjka"/>
</g>
<g transform="translate(-196 -10)">
<use fill="#fff" fill-opacity="0" stroke="#fff"
stroke-miterlimit="50"
stroke-width="1.2" xlink:href="#ywjkb"/>
</g>
</g>
</svg>
</i>

<i class="icon normal">
<svg xmlns="http://www.w3.org/2000/svg"
xmlns:xlink="http://www.w3.org/1999/xlink" width="22"
height="22" viewBox="0 0 22 22">
<defs>
<path id="ywjka"
d="M216.5 21a9.5 9.5 0 1 1-19 0 9.5 9.5 0 0 1 19 0z"/>
<path id="ywjkb" d="M207 14.5v7h-5"/>
</defs>
<g>
<g transform="translate(-196 -10)">
<use fill="#00539F" fill-opacity="0" stroke="#00539F"
stroke-miterlimit="50"
stroke-width="1.2" xlink:href="#ywjka"/>
</g>
<g transform="translate(-196 -10)">
<use fill="#00539F" fill-opacity="0" stroke="#00539F"
stroke-miterlimit="50"
stroke-width="1.2" xlink:href="#ywjkb"/>
</g>
</g>
</svg>
</i>

<div class="promo-countdown-wrapper">
<p>Zľava končí</p>
<b data-countdown="2023/01/01 0:00:00"
data-count-down-dur-locale="&quot;{\&quot;S\&quot;:\&quot;m\&quot;,\&quot;SS\&quot;:\&quot;m\&quot;,\&quot;s\&quot;:\&quot;d\&quot;,\&quot;ss\&quot;:\&quot;s\&quot;,\&quot;m\&quot;:\&quot;m\&quot;,\&quot;mm\&quot;:\&quot;m\&quot;,\&quot;h\&quot;:\&quot;h\&quot;,\&quot;hh\&quot;:\&quot;h\&quot;,\&quot;d\&quot;:\&quot;d\&quot;,\&quot;dd\&quot;:\&quot;d\&quot;,\&quot;w\&quot;:\&quot;t\&quot;,\&quot;ww\&quot;:\&quot;t\&quot;,\&quot;M\&quot;:\&quot;m\&quot;,\&quot;MM\&quot;:\&quot;m\&quot;,\&quot;y\&quot;:\&quot;r\&quot;,\&quot;yy\&quot;:\&quot;l\&quot;}&quot;"></b>
</div>
</div>
</div>
<a href="/akciove-ponuky/akciove-produkty/produkt/napoje/kava-a-teple-napoje/jacobs-kronung/"
class="details-box" tabindex="0">
<div class="product__inner cc-tier2-higher-than-10-prod-blue-border">

<div class="product__info-wrapper">
<span class="product__name">Jacobs Krönung</span>
<div class="product__secondary-text">
<div>
darčekové 
balenie, 450 g                            </div>
<span>Pôvodná cena:</span>
<span class="product__price-text">16,99
(1 kg=37,76 €)                </span>
<div class="product__price-cc-text">
<span>s Clubcard:</span>
</div>
<span class="product__price-cc-text">13,49</span>
(1 kg=29,98 €)        </div>
<div class="product__discount-percentage">
<div class="product__discount-normal-price">
16,99
</div>
<div class="discount-percentage__text">
<span>
-20
<span class="discount__percentage-sign">%</span>
</span>
</div>
</div>
<div class="product__price-wrapper-outer-box">
<div class="product__price-wrapper">
<div class="product__price ">
<span class="price__left-part">
13,49
</span>
</div>
<div class="product__cc-price-text">
Clubcard ceny
</div>
</div>
</div>
</div>
<div class="product__img-wrapper">
<div class="product__img-holder">
<img data-src="/img/opt/tescoce_sk/products/2022-12-07/png/jacobs-2002020339157-1-5k.png" src="/img/lq/tescoce_sk/products/2022-12-07/png/jacobs-2002020339157-1-5k.png" alt="Jacobs Krönung"//><noscript><img src="/img/opt/tescoce_sk/products/2022-12-07/png/jacobs-2002020339157-1-5k.png" alt="Jacobs Krönung"//></noscript>
</div>
<img
class="country-flag"
src=""
alt=""
/>
</div>
</div>                                                            </a>
<div class="shopping-list-parts">
<div class="add-button">
<i class="icon">
<svg viewBox="0 0 24 24" width="100%" height="100%">
<line x1="3" y1="12" x2="21" y2="12"></line>
<line x1="12" y1="3" x2="12" y2="21"></line>
</svg>
</i>
<div class="add-text ddl_link_inline address addtoshoppinglist">
<div>
<span class="label_wrapper">
<span class="label">Pridať do zoznamu</span>
</span>
</div>
</div>
<span class="added-text">Pridané do <a
href="/akciove-ponuky/nakupny-zoznam/"
title="zoznamu"
target="_blank">zoznamu</a></span>
</div>
<div class="add-item">
<div class="add-item__inner">
<div class="newddl-text-field newddl-quantity qty_div">
<div class="newddl-button blue icon-bg standalone search-icon no-float less-button disabled">
<i class="icon">
<svg viewBox="0 0 24 8" width="100%" height="100%">
<line x1="3" y1="4" x2="21" y2="4"></line>
</svg>
</i>
</div>
<input type="text" class="newddl-quantity-input qty" value="1" min="1"
tabindex="0">
<div class="newddl-button blue icon-bg standalone search-icon no-float more-button">
<i class="icon">
<svg viewBox="0 0 24 24" width="100%" height="100%">
<line x1="3" y1="12" x2="21" y2="12"></line>
<line x1="12" y1="3" x2="12" y2="21"></line>
</svg>
</i>
</div>
</div>
<div class="newddl-button blue secondary no-float no-icon min-width accept-button add_to_basket"
onclick="addToBasket(this)"
data-template="/akciove-ponuky/nakupny-zoznam"
data-prod_id="1205831">
<span class="link-label">
Pridať do zoznamu                                              </span>
</div>
<div class="cancel-link"><a href="#cancel"
title="Zrušiť"
tabindex="0">Zrušiť</a>
</div>
</div>
</div>
<div class="added-item" style="">
<p class="t2 nddl">Pridané do <a
href="/akciove-ponuky/nakupny-zoznam/"
title="zoznamu"
target="_blank"
tabindex="0">zoznamu</a>
</p>
<a href="/akciove-ponuky/nakupny-zoznam/"
class="newddl-button blue secondary no-float no-icon min-width edit-button"
title="Upraviť zoznam" target="_blank"
tabindex="0">
<span class="link-label">Upraviť zoznam</span>
</a>
</div>
</div>
</div>

</div>
<div class="a-productListing__productsGrid__element">
<div class="ddl-product-lol  xEqHeights soon-expire"
title="Jägermeister 35%">
<div class="status-bar cf">
<div class="hovershowtooltip">
<div class="inner">
Ponuka je platná do 31.12.2022.
</div>
<div class="arrow-container">
<div class="arrow-down"></div>
<div class="arrow-down-fg"></div>
</div>
</div>
<a href="https://potravinydomov.itesco.sk/groceries/sk-SK/products/2002121117709"
class="newddl-button left transparent ghs-link"
tabindex="0" target="_blank">
<i class="icon">
<svg xmlns="http://www.w3.org/2000/svg"
xmlns:xlink="http://www.w3.org/1999/xlink"
style="width: 20px !important" height="13" viewBox="0 0 23 13">
<defs>
<path id="clxfa"
d="M33.33 21.44c.44.1.67.38.67.8v3.1c0 .47-.38.84-.84.84h-.9a2.2 2.2 0 0 1-2.18 1.8 2.2 2.2 0 0 1-2.17-1.8h-7.9a2.22 2.22 0 0 1-2.2 1.82c-1.1 0-2-.79-2.19-1.82h-1.66c-.97 0-1.15-.92-1.25-1.41l-1.04-4.25-.41-.27a.3.3 0 0 1-.14-.23L11 18.73c0-.84.66-1.5 1.48-1.5h2.3l-.14.15a.46.46 0 0 0 0 .66.47.47 0 0 0 .66 0l.8-.8h.01l2.11-2.1c.14-.14.41-.19.58-.09.15.09.24.24.24.4 0 .13-.05.24-.14.33l-1.47 1.46h4.39l-1.47-1.46a.46.46 0 0 1 .1-.73c.17-.1.43-.05.57.1L24 18.08c.08.06.18.1.28.1.17 0 .32-.09.4-.24.1-.17.05-.43-.09-.57l-.14-.14h2.31c.77 0 1.39.57 1.47 1.3h1.75c.22 0 .8 0 1.03.71l.8 1.94zM28.7 25.8c0 .75.62 1.36 1.37 1.36.86 0 1.54-.77 1.35-1.65-.1-.52-.53-.93-1.05-1.04a1.38 1.38 0 0 0-1.67 1.33zm-2.17-1c-.05.23-.12.44-.22.63h1.6a2.2 2.2 0 0 1 2.16-1.81c1.09 0 2 .76 2.18 1.8h.9c.04 0 .07-.03.07-.06v-3.11-.04l-.06-.01-1.7-.28a.39.39 0 0 1-.3-.23l-.9-2.2c-.05-.16-.08-.17-.29-.17h-1.77-.02l-.06.71a.3.3 0 0 1-.14.23l-.41.27zm-8.25-4.07a.42.42 0 0 0-.42.43l.29 2.69a.42.42 0 1 0 .83-.02l-.28-2.69a.42.42 0 0 0-.42-.4zm-3 3.15c.02.21.2.38.41.38h.04a.42.42 0 0 0 .38-.46l-.43-2.69a.41.41 0 0 0-.45-.38.42.42 0 0 0-.38.46zm2.53 3.27c.61 0 1.13-.4 1.3-.96h-2.6c.16.56.68.96 1.3.96zm4.11-6a.42.42 0 0 0-.41-.42.41.41 0 0 0-.42.4l-.28 2.72c0 .22.18.4.41.4.23 0 .42-.18.42-.39zm2.17 3.1c.22 0 .4-.16.42-.36l.43-2.71a.41.41 0 0 0-.38-.45.42.42 0 0 0-.45.37l-.43 2.71c-.01.11.02.22.1.3.07.09.17.14.28.15z"></path>
</defs>
<g>
<g clip-path="url(#clip-72B53A8F-48D2-421E-9EC9-9A8CE7DC52A1)"
transform="translate(-11 -15)">
<use fill="#00549e" stroke="none" xlink:href="#clxfa"></use>
</g>
</g>
</svg>
</i>
<div class="ddl_link_inline address shoponline"
style="display: inline-block; vertical-align: middle;">
<span class="link">
<span class="label_wrapper">
<span class="label">
Kúpiť teraz                                                    </span>
</span>
</span>
</div>
</a>
<div class="promo-countdown -lessThan48">

<i class="icon -lessThan48">
<svg xmlns="http://www.w3.org/2000/svg"
xmlns:xlink="http://www.w3.org/1999/xlink" width="22"
height="22" viewBox="0 0 22 22">
<defs>
<path id="ywjka"
d="M216.5 21a9.5 9.5 0 1 1-19 0 9.5 9.5 0 0 1 19 0z"/>
<path id="ywjkb" d="M207 14.5v7h-5"/>
</defs>
<g>
<g transform="translate(-196 -10)">
<use fill="#fff" fill-opacity="0" stroke="#fff"
stroke-miterlimit="50"
stroke-width="1.2" xlink:href="#ywjka"/>
</g>
<g transform="translate(-196 -10)">
<use fill="#fff" fill-opacity="0" stroke="#fff"
stroke-miterlimit="50"
stroke-width="1.2" xlink:href="#ywjkb"/>
</g>
</g>
</svg>
</i>

<i class="icon normal">
<svg xmlns="http://www.w3.org/2000/svg"
xmlns:xlink="http://www.w3.org/1999/xlink" width="22"
height="22" viewBox="0 0 22 22">
<defs>
<path id="ywjka"
d="M216.5 21a9.5 9.5 0 1 1-19 0 9.5 9.5 0 0 1 19 0z"/>
<path id="ywjkb" d="M207 14.5v7h-5"/>
</defs>
<g>
<g transform="translate(-196 -10)">
<use fill="#00539F" fill-opacity="0" stroke="#00539F"
stroke-miterlimit="50"
stroke-width="1.2" xlink:href="#ywjka"/>
</g>
<g transform="translate(-196 -10)">
<use fill="#00539F" fill-opacity="0" stroke="#00539F"
stroke-miterlimit="50"
stroke-width="1.2" xlink:href="#ywjkb"/>
</g>
</g>
</svg>
</i>

<div class="promo-countdown-wrapper">
<p>Zľava končí</p>
<b data-countdown="2023/01/01 0:00:00"
data-count-down-dur-locale="&quot;{\&quot;S\&quot;:\&quot;m\&quot;,\&quot;SS\&quot;:\&quot;m\&quot;,\&quot;s\&quot;:\&quot;d\&quot;,\&quot;ss\&quot;:\&quot;s\&quot;,\&quot;m\&quot;:\&quot;m\&quot;,\&quot;mm\&quot;:\&quot;m\&quot;,\&quot;h\&quot;:\&quot;h\&quot;,\&quot;hh\&quot;:\&quot;h\&quot;,\&quot;d\&quot;:\&quot;d\&quot;,\&quot;dd\&quot;:\&quot;d\&quot;,\&quot;w\&quot;:\&quot;t\&quot;,\&quot;ww\&quot;:\&quot;t\&quot;,\&quot;M\&quot;:\&quot;m\&quot;,\&quot;MM\&quot;:\&quot;m\&quot;,\&quot;y\&quot;:\&quot;r\&quot;,\&quot;yy\&quot;:\&quot;l\&quot;}&quot;"></b>
</div>
</div>
</div>
<a href="/akciove-ponuky/akciove-produkty/produkt/napoje/liehoviny-a-likery/jagermeister-35/"
class="details-box" tabindex="0">
<div class="product__inner cc-tier2-higher-than-10-prod-blue-border">

<div class="product__info-wrapper">
<span class="product__name">Jägermeister 35%</span>
<div class="product__secondary-text">
<div>
0,7 l + pohár                            </div>
<span>Pôvodná cena:</span>
<span class="product__price-text">20,99
(1 l=29,99 €)                </span>
<div class="product__price-cc-text">
<span>s Clubcard:</span>
</div>
<span class="product__price-cc-text">16,79</span>
(1 l=23,99 €)        </div>
<div class="product__discount-percentage">
<div class="product__discount-normal-price">
20,99
</div>
<div class="discount-percentage__text">
<span>
-20
<span class="discount__percentage-sign">%</span>
</span>
</div>
</div>
<div class="product__price-wrapper-outer-box">
<div class="product__price-wrapper">
<div class="product__price ">
<span class="price__left-part">
16,79
</span>
</div>
<div class="product__cc-price-text">
Clubcard ceny
</div>
</div>
</div>
</div>
<div class="product__img-wrapper">
<div class="product__img-holder">
<img data-src="/img/opt/tescoce_sk/products/2022-11-23/png/jagermeister-35-2002121117709-1-5k.png" src="/img/lq/tescoce_sk/products/2022-11-23/png/jagermeister-35-2002121117709-1-5k.png" alt="Jägermeister 35%"//><noscript><img src="/img/opt/tescoce_sk/products/2022-11-23/png/jagermeister-35-2002121117709-1-5k.png" alt="Jägermeister 35%"//></noscript>
</div>
<img
class="country-flag"
src=""
alt=""
/>
</div>
</div>                                                            </a>
<div class="shopping-list-parts">
<div class="add-button">
<i class="icon">
<svg viewBox="0 0 24 24" width="100%" height="100%">
<line x1="3" y1="12" x2="21" y2="12"></line>
<line x1="12" y1="3" x2="12" y2="21"></line>
</svg>
</i>
<div class="add-text ddl_link_inline address addtoshoppinglist">
<div>
<span class="label_wrapper">
<span class="label">Pridať do zoznamu</span>
</span>
</div>
</div>
<span class="added-text">Pridané do <a
href="/akciove-ponuky/nakupny-zoznam/"
title="zoznamu"
target="_blank">zoznamu</a></span>
</div>
<div class="add-item">
<div class="add-item__inner">
<div class="newddl-text-field newddl-quantity qty_div">
<div class="newddl-button blue icon-bg standalone search-icon no-float less-button disabled">
<i class="icon">
<svg viewBox="0 0 24 8" width="100%" height="100%">
<line x1="3" y1="4" x2="21" y2="4"></line>
</svg>
</i>
</div>
<input type="text" class="newddl-quantity-input qty" value="1" min="1"
tabindex="0">
<div class="newddl-button blue icon-bg standalone search-icon no-float more-button">
<i class="icon">
<svg viewBox="0 0 24 24" width="100%" height="100%">
<line x1="3" y1="12" x2="21" y2="12"></line>
<line x1="12" y1="3" x2="12" y2="21"></line>
</svg>
</i>
</div>
</div>
<div class="newddl-button blue secondary no-float no-icon min-width accept-button add_to_basket"
onclick="addToBasket(this)"
data-template="/akciove-ponuky/nakupny-zoznam"
data-prod_id="1191992">
<span class="link-label">
Pridať do zoznamu                                              </span>
</div>
<div class="cancel-link"><a href="#cancel"
title="Zrušiť"
tabindex="0">Zrušiť</a>
</div>
</div>
</div>
<div class="added-item" style="">
<p class="t2 nddl">Pridané do <a
href="/akciove-ponuky/nakupny-zoznam/"
title="zoznamu"
target="_blank"
tabindex="0">zoznamu</a>
</p>
<a href="/akciove-ponuky/nakupny-zoznam/"
class="newddl-button blue secondary no-float no-icon min-width edit-button"
title="Upraviť zoznam" target="_blank"
tabindex="0">
<span class="link-label">Upraviť zoznam</span>
</a>
</div>
</div>
</div>

</div>
<div class="a-productListing__productsGrid__element">
<div class="ddl-product-lol  xEqHeights soon-expire"
title="Jameson 40%">
<div class="status-bar cf">
<div class="hovershowtooltip">
<div class="inner">
Ponuka je platná do 31.12.2022.
</div>
<div class="arrow-container">
<div class="arrow-down"></div>
<div class="arrow-down-fg"></div>
</div>
</div>
<a href="https://potravinydomov.itesco.sk/groceries/sk-SK/products/2002120641280"
class="newddl-button left transparent ghs-link"
tabindex="0" target="_blank">
<i class="icon">
<svg xmlns="http://www.w3.org/2000/svg"
xmlns:xlink="http://www.w3.org/1999/xlink"
style="width: 20px !important" height="13" viewBox="0 0 23 13">
<defs>
<path id="clxfa"
d="M33.33 21.44c.44.1.67.38.67.8v3.1c0 .47-.38.84-.84.84h-.9a2.2 2.2 0 0 1-2.18 1.8 2.2 2.2 0 0 1-2.17-1.8h-7.9a2.22 2.22 0 0 1-2.2 1.82c-1.1 0-2-.79-2.19-1.82h-1.66c-.97 0-1.15-.92-1.25-1.41l-1.04-4.25-.41-.27a.3.3 0 0 1-.14-.23L11 18.73c0-.84.66-1.5 1.48-1.5h2.3l-.14.15a.46.46 0 0 0 0 .66.47.47 0 0 0 .66 0l.8-.8h.01l2.11-2.1c.14-.14.41-.19.58-.09.15.09.24.24.24.4 0 .13-.05.24-.14.33l-1.47 1.46h4.39l-1.47-1.46a.46.46 0 0 1 .1-.73c.17-.1.43-.05.57.1L24 18.08c.08.06.18.1.28.1.17 0 .32-.09.4-.24.1-.17.05-.43-.09-.57l-.14-.14h2.31c.77 0 1.39.57 1.47 1.3h1.75c.22 0 .8 0 1.03.71l.8 1.94zM28.7 25.8c0 .75.62 1.36 1.37 1.36.86 0 1.54-.77 1.35-1.65-.1-.52-.53-.93-1.05-1.04a1.38 1.38 0 0 0-1.67 1.33zm-2.17-1c-.05.23-.12.44-.22.63h1.6a2.2 2.2 0 0 1 2.16-1.81c1.09 0 2 .76 2.18 1.8h.9c.04 0 .07-.03.07-.06v-3.11-.04l-.06-.01-1.7-.28a.39.39 0 0 1-.3-.23l-.9-2.2c-.05-.16-.08-.17-.29-.17h-1.77-.02l-.06.71a.3.3 0 0 1-.14.23l-.41.27zm-8.25-4.07a.42.42 0 0 0-.42.43l.29 2.69a.42.42 0 1 0 .83-.02l-.28-2.69a.42.42 0 0 0-.42-.4zm-3 3.15c.02.21.2.38.41.38h.04a.42.42 0 0 0 .38-.46l-.43-2.69a.41.41 0 0 0-.45-.38.42.42 0 0 0-.38.46zm2.53 3.27c.61 0 1.13-.4 1.3-.96h-2.6c.16.56.68.96 1.3.96zm4.11-6a.42.42 0 0 0-.41-.42.41.41 0 0 0-.42.4l-.28 2.72c0 .22.18.4.41.4.23 0 .42-.18.42-.39zm2.17 3.1c.22 0 .4-.16.42-.36l.43-2.71a.41.41 0 0 0-.38-.45.42.42 0 0 0-.45.37l-.43 2.71c-.01.11.02.22.1.3.07.09.17.14.28.15z"></path>
</defs>
<g>
<g clip-path="url(#clip-72B53A8F-48D2-421E-9EC9-9A8CE7DC52A1)"
transform="translate(-11 -15)">
<use fill="#00549e" stroke="none" xlink:href="#clxfa"></use>
</g>
</g>
</svg>
</i>
<div class="ddl_link_inline address shoponline"
style="display: inline-block; vertical-align: middle;">
<span class="link">
<span class="label_wrapper">
<span class="label">
Kúpiť teraz                                                    </span>
</span>
</span>
</div>
</a>
<div class="promo-countdown -lessThan48">

<i class="icon -lessThan48">
<svg xmlns="http://www.w3.org/2000/svg"
xmlns:xlink="http://www.w3.org/1999/xlink" width="22"
height="22" viewBox="0 0 22 22">
<defs>
<path id="ywjka"
d="M216.5 21a9.5 9.5 0 1 1-19 0 9.5 9.5 0 0 1 19 0z"/>
<path id="ywjkb" d="M207 14.5v7h-5"/>
</defs>
<g>
<g transform="translate(-196 -10)">
<use fill="#fff" fill-opacity="0" stroke="#fff"
stroke-miterlimit="50"
stroke-width="1.2" xlink:href="#ywjka"/>
</g>
<g transform="translate(-196 -10)">
<use fill="#fff" fill-opacity="0" stroke="#fff"
stroke-miterlimit="50"
stroke-width="1.2" xlink:href="#ywjkb"/>
</g>
</g>
</svg>
</i>

<i class="icon normal">
<svg xmlns="http://www.w3.org/2000/svg"
xmlns:xlink="http://www.w3.org/1999/xlink" width="22"
height="22" viewBox="0 0 22 22">
<defs>
<path id="ywjka"
d="M216.5 21a9.5 9.5 0 1 1-19 0 9.5 9.5 0 0 1 19 0z"/>
<path id="ywjkb" d="M207 14.5v7h-5"/>
</defs>
<g>
<g transform="translate(-196 -10)">
<use fill="#00539F" fill-opacity="0" stroke="#00539F"
stroke-miterlimit="50"
stroke-width="1.2" xlink:href="#ywjka"/>
</g>
<g transform="translate(-196 -10)">
<use fill="#00539F" fill-opacity="0" stroke="#00539F"
stroke-miterlimit="50"
stroke-width="1.2" xlink:href="#ywjkb"/>
</g>
</g>
</svg>
</i>

<div class="promo-countdown-wrapper">
<p>Zľava končí</p>
<b data-countdown="2023/01/01 0:00:00"
data-count-down-dur-locale="&quot;{\&quot;S\&quot;:\&quot;m\&quot;,\&quot;SS\&quot;:\&quot;m\&quot;,\&quot;s\&quot;:\&quot;d\&quot;,\&quot;ss\&quot;:\&quot;s\&quot;,\&quot;m\&quot;:\&quot;m\&quot;,\&quot;mm\&quot;:\&quot;m\&quot;,\&quot;h\&quot;:\&quot;h\&quot;,\&quot;hh\&quot;:\&quot;h\&quot;,\&quot;d\&quot;:\&quot;d\&quot;,\&quot;dd\&quot;:\&quot;d\&quot;,\&quot;w\&quot;:\&quot;t\&quot;,\&quot;ww\&quot;:\&quot;t\&quot;,\&quot;M\&quot;:\&quot;m\&quot;,\&quot;MM\&quot;:\&quot;m\&quot;,\&quot;y\&quot;:\&quot;r\&quot;,\&quot;yy\&quot;:\&quot;l\&quot;}&quot;"></b>
</div>
</div>
</div>
<a href="/akciove-ponuky/akciove-produkty/produkt/napoje/liehoviny-a-likery/jameson-40/"
class="details-box" tabindex="0">
<div class="product__inner cc-tier2-higher-than-10-prod-blue-border">

<div class="product__info-wrapper">
<span class="product__name">Jameson 40%</span>
<div class="product__secondary-text">
<div>
0,7 l + 2 poháre                            </div>
<span>Pôvodná cena:</span>
<span class="product__price-text">24,99
(1 l=35,70 €)                </span>
<div class="product__price-cc-text">
<span>s Clubcard:</span>
</div>
<span class="product__price-cc-text">19,99</span>
(1 l=28,56 €)        </div>
<div class="product__discount-percentage">
<div class="product__discount-normal-price">
24,99
</div>
<div class="discount-percentage__text">
<span>
-20
<span class="discount__percentage-sign">%</span>
</span>
</div>
</div>
<div class="product__price-wrapper-outer-box">
<div class="product__price-wrapper">
<div class="product__price ">
<span class="price__left-part">
19,99
</span>
</div>
<div class="product__cc-price-text">
Clubcard ceny
</div>
</div>
</div>
</div>
<div class="product__img-wrapper">
<div class="product__img-holder">
<img data-src="/img/opt/tescoce_sk/products/2022-12-14/png/jameson-2002120641280-1-5k.png" src="/img/lq/tescoce_sk/products/2022-12-14/png/jameson-2002120641280-1-5k.png" alt="Jameson 40%"//><noscript><img src="/img/opt/tescoce_sk/products/2022-12-14/png/jameson-2002120641280-1-5k.png" alt="Jameson 40%"//></noscript>
</div>
<img
class="country-flag"
src=""
alt=""
/>
</div>
</div>                                                            </a>
<div class="shopping-list-parts">
<div class="add-button">
<i class="icon">
<svg viewBox="0 0 24 24" width="100%" height="100%">
<line x1="3" y1="12" x2="21" y2="12"></line>
<line x1="12" y1="3" x2="12" y2="21"></line>
</svg>
</i>
<div class="add-text ddl_link_inline address addtoshoppinglist">
<div>
<span class="label_wrapper">
<span class="label">Pridať do zoznamu</span>
</span>
</div>
</div>
<span class="added-text">Pridané do <a
href="/akciove-ponuky/nakupny-zoznam/"
title="zoznamu"
target="_blank">zoznamu</a></span>
</div>
<div class="add-item">
<div class="add-item__inner">
<div class="newddl-text-field newddl-quantity qty_div">
<div class="newddl-button blue icon-bg standalone search-icon no-float less-button disabled">
<i class="icon">
<svg viewBox="0 0 24 8" width="100%" height="100%">
<line x1="3" y1="4" x2="21" y2="4"></line>
</svg>
</i>
</div>
<input type="text" class="newddl-quantity-input qty" value="1" min="1"
tabindex="0">
<div class="newddl-button blue icon-bg standalone search-icon no-float more-button">
<i class="icon">
<svg viewBox="0 0 24 24" width="100%" height="100%">
<line x1="3" y1="12" x2="21" y2="12"></line>
<line x1="12" y1="3" x2="12" y2="21"></line>
</svg>
</i>
</div>
</div>
<div class="newddl-button blue secondary no-float no-icon min-width accept-button add_to_basket"
onclick="addToBasket(this)"
data-template="/akciove-ponuky/nakupny-zoznam"
data-prod_id="1211452">
<span class="link-label">
Pridať do zoznamu                                              </span>
</div>
<div class="cancel-link"><a href="#cancel"
title="Zrušiť"
tabindex="0">Zrušiť</a>
</div>
</div>
</div>
<div class="added-item" style="">
<p class="t2 nddl">Pridané do <a
href="/akciove-ponuky/nakupny-zoznam/"
title="zoznamu"
target="_blank"
tabindex="0">zoznamu</a>
</p>
<a href="/akciove-ponuky/nakupny-zoznam/"
class="newddl-button blue secondary no-float no-icon min-width edit-button"
title="Upraviť zoznam" target="_blank"
tabindex="0">
<span class="link-label">Upraviť zoznam</span>
</a>
</div>
</div>
</div>

</div>
<div class="a-productListing__productsGrid__element">
<div class="ddl-product-lol  xEqHeights soon-expire"
title="Johnie Walker Red Label 40%">
<div class="status-bar cf">
<div class="promo-countdown -lessThan48">

<i class="icon -lessThan48">
<svg xmlns="http://www.w3.org/2000/svg"
xmlns:xlink="http://www.w3.org/1999/xlink" width="22"
height="22" viewBox="0 0 22 22">
<defs>
<path id="ywjka"
d="M216.5 21a9.5 9.5 0 1 1-19 0 9.5 9.5 0 0 1 19 0z"/>
<path id="ywjkb" d="M207 14.5v7h-5"/>
</defs>
<g>
<g transform="translate(-196 -10)">
<use fill="#fff" fill-opacity="0" stroke="#fff"
stroke-miterlimit="50"
stroke-width="1.2" xlink:href="#ywjka"/>
</g>
<g transform="translate(-196 -10)">
<use fill="#fff" fill-opacity="0" stroke="#fff"
stroke-miterlimit="50"
stroke-width="1.2" xlink:href="#ywjkb"/>
</g>
</g>
</svg>
</i>

<i class="icon normal">
<svg xmlns="http://www.w3.org/2000/svg"
xmlns:xlink="http://www.w3.org/1999/xlink" width="22"
height="22" viewBox="0 0 22 22">
<defs>
<path id="ywjka"
d="M216.5 21a9.5 9.5 0 1 1-19 0 9.5 9.5 0 0 1 19 0z"/>
<path id="ywjkb" d="M207 14.5v7h-5"/>
</defs>
<g>
<g transform="translate(-196 -10)">
<use fill="#00539F" fill-opacity="0" stroke="#00539F"
stroke-miterlimit="50"
stroke-width="1.2" xlink:href="#ywjka"/>
</g>
<g transform="translate(-196 -10)">
<use fill="#00539F" fill-opacity="0" stroke="#00539F"
stroke-miterlimit="50"
stroke-width="1.2" xlink:href="#ywjkb"/>
</g>
</g>
</svg>
</i>

<div class="promo-countdown-wrapper">
<p>Zľava končí</p>
<b data-countdown="2023/01/01 0:00:00"
data-count-down-dur-locale="&quot;{\&quot;S\&quot;:\&quot;m\&quot;,\&quot;SS\&quot;:\&quot;m\&quot;,\&quot;s\&quot;:\&quot;d\&quot;,\&quot;ss\&quot;:\&quot;s\&quot;,\&quot;m\&quot;:\&quot;m\&quot;,\&quot;mm\&quot;:\&quot;m\&quot;,\&quot;h\&quot;:\&quot;h\&quot;,\&quot;hh\&quot;:\&quot;h\&quot;,\&quot;d\&quot;:\&quot;d\&quot;,\&quot;dd\&quot;:\&quot;d\&quot;,\&quot;w\&quot;:\&quot;t\&quot;,\&quot;ww\&quot;:\&quot;t\&quot;,\&quot;M\&quot;:\&quot;m\&quot;,\&quot;MM\&quot;:\&quot;m\&quot;,\&quot;y\&quot;:\&quot;r\&quot;,\&quot;yy\&quot;:\&quot;l\&quot;}&quot;"></b>
</div>
</div>
</div>
<a href="/akciove-ponuky/akciove-produkty/produkt/napoje/liehoviny-a-likery/johnie-walker-red-label-40/"
class="details-box" tabindex="0">
<div class="product__inner cc-tier2-higher-than-10-prod-blue-border">

<div class="product__info-wrapper">
<span class="product__name">Johnie Walker Red Label 40%</span>
<div class="product__secondary-text">
<div>
0,7 l + pohár                            </div>
<span>Pôvodná cena:</span>
<span class="product__price-text">19,99
(1 l=28,56 €)                </span>
<div class="product__price-cc-text">
<span>s Clubcard:</span>
</div>
<span class="product__price-cc-text">15,99</span>
(1 l=22,84 €)        </div>
<div class="product__discount-percentage">
<div class="product__discount-normal-price">
19,99
</div>
<div class="discount-percentage__text">
<span>
-20
<span class="discount__percentage-sign">%</span>
</span>
</div>
</div>
<div class="product__price-wrapper-outer-box">
<div class="product__price-wrapper">
<div class="product__price ">
<span class="price__left-part">
15,99
</span>
</div>
<div class="product__cc-price-text">
Clubcard ceny
</div>
</div>
</div>
</div>
<div class="product__img-wrapper">
<div class="product__img-holder">
<img data-src="/img/opt/tescoce_sk/products/2022-11-23/png/johnie-walker-red-label-40-2002020339813-1-5k.png" src="/img/lq/tescoce_sk/products/2022-11-23/png/johnie-walker-red-label-40-2002020339813-1-5k.png" alt="Johnie Walker Red Label 40%"//><noscript><img src="/img/opt/tescoce_sk/products/2022-11-23/png/johnie-walker-red-label-40-2002020339813-1-5k.png" alt="Johnie Walker Red Label 40%"//></noscript>
</div>
<img
class="country-flag"
src=""
alt=""
/>
</div>
</div>                                                            </a>
<div class="shopping-list-parts">
<div class="add-button">
<i class="icon">
<svg viewBox="0 0 24 24" width="100%" height="100%">
<line x1="3" y1="12" x2="21" y2="12"></line>
<line x1="12" y1="3" x2="12" y2="21"></line>
</svg>
</i>
<div class="add-text ddl_link_inline address addtoshoppinglist">
<div>
<span class="label_wrapper">
<span class="label">Pridať do zoznamu</span>
</span>
</div>
</div>
<span class="added-text">Pridané do <a
href="/akciove-ponuky/nakupny-zoznam/"
title="zoznamu"
target="_blank">zoznamu</a></span>
</div>
<div class="add-item">
<div class="add-item__inner">
<div class="newddl-text-field newddl-quantity qty_div">
<div class="newddl-button blue icon-bg standalone search-icon no-float less-button disabled">
<i class="icon">
<svg viewBox="0 0 24 8" width="100%" height="100%">
<line x1="3" y1="4" x2="21" y2="4"></line>
</svg>
</i>
</div>
<input type="text" class="newddl-quantity-input qty" value="1" min="1"
tabindex="0">
<div class="newddl-button blue icon-bg standalone search-icon no-float more-button">
<i class="icon">
<svg viewBox="0 0 24 24" width="100%" height="100%">
<line x1="3" y1="12" x2="21" y2="12"></line>
<line x1="12" y1="3" x2="12" y2="21"></line>
</svg>
</i>
</div>
</div>
<div class="newddl-button blue secondary no-float no-icon min-width accept-button add_to_basket"
onclick="addToBasket(this)"
data-template="/akciove-ponuky/nakupny-zoznam"
data-prod_id="1191962">
<span class="link-label">
Pridať do zoznamu                                              </span>
</div>
<div class="cancel-link"><a href="#cancel"
title="Zrušiť"
tabindex="0">Zrušiť</a>
</div>
</div>
</div>
<div class="added-item" style="">
<p class="t2 nddl">Pridané do <a
href="/akciove-ponuky/nakupny-zoznam/"
title="zoznamu"
target="_blank"
tabindex="0">zoznamu</a>
</p>
<a href="/akciove-ponuky/nakupny-zoznam/"
class="newddl-button blue secondary no-float no-icon min-width edit-button"
title="Upraviť zoznam" target="_blank"
tabindex="0">
<span class="link-label">Upraviť zoznam</span>
</a>
</div>
</div>
</div>

</div>
<div class="a-productListing__productsGrid__element">
<div class="ddl-product-lol  xEqHeights soon-expire"
title="Johnnie Walker black label 40 %">
<div class="status-bar cf">
<div class="promo-countdown">

<i class="icon -lessThan48">
<svg xmlns="http://www.w3.org/2000/svg"
xmlns:xlink="http://www.w3.org/1999/xlink" width="22"
height="22" viewBox="0 0 22 22">
<defs>
<path id="ywjka"
d="M216.5 21a9.5 9.5 0 1 1-19 0 9.5 9.5 0 0 1 19 0z"/>
<path id="ywjkb" d="M207 14.5v7h-5"/>
</defs>
<g>
<g transform="translate(-196 -10)">
<use fill="#fff" fill-opacity="0" stroke="#fff"
stroke-miterlimit="50"
stroke-width="1.2" xlink:href="#ywjka"/>
</g>
<g transform="translate(-196 -10)">
<use fill="#fff" fill-opacity="0" stroke="#fff"
stroke-miterlimit="50"
stroke-width="1.2" xlink:href="#ywjkb"/>
</g>
</g>
</svg>
</i>

<i class="icon normal">
<svg xmlns="http://www.w3.org/2000/svg"
xmlns:xlink="http://www.w3.org/1999/xlink" width="22"
height="22" viewBox="0 0 22 22">
<defs>
<path id="ywjka"
d="M216.5 21a9.5 9.5 0 1 1-19 0 9.5 9.5 0 0 1 19 0z"/>
<path id="ywjkb" d="M207 14.5v7h-5"/>
</defs>
<g>
<g transform="translate(-196 -10)">
<use fill="#00539F" fill-opacity="0" stroke="#00539F"
stroke-miterlimit="50"
stroke-width="1.2" xlink:href="#ywjka"/>
</g>
<g transform="translate(-196 -10)">
<use fill="#00539F" fill-opacity="0" stroke="#00539F"
stroke-miterlimit="50"
stroke-width="1.2" xlink:href="#ywjkb"/>
</g>
</g>
</svg>
</i>

<div class="promo-countdown-wrapper">
<p>Zľava končí</p>
<b data-countdown="2023/01/04 0:00:00"
data-count-down-dur-locale="&quot;{\&quot;S\&quot;:\&quot;m\&quot;,\&quot;SS\&quot;:\&quot;m\&quot;,\&quot;s\&quot;:\&quot;d\&quot;,\&quot;ss\&quot;:\&quot;s\&quot;,\&quot;m\&quot;:\&quot;m\&quot;,\&quot;mm\&quot;:\&quot;m\&quot;,\&quot;h\&quot;:\&quot;h\&quot;,\&quot;hh\&quot;:\&quot;h\&quot;,\&quot;d\&quot;:\&quot;d\&quot;,\&quot;dd\&quot;:\&quot;d\&quot;,\&quot;w\&quot;:\&quot;t\&quot;,\&quot;ww\&quot;:\&quot;t\&quot;,\&quot;M\&quot;:\&quot;m\&quot;,\&quot;MM\&quot;:\&quot;m\&quot;,\&quot;y\&quot;:\&quot;r\&quot;,\&quot;yy\&quot;:\&quot;l\&quot;}&quot;"></b>
</div>
</div>
</div>
<a href="/akciove-ponuky/akciove-produkty/produkt/napoje/liehoviny-a-likery/johnnie-walker-black-label-40/"
class="details-box" tabindex="0">
<div class="product__inner cc-tier2-higher-than-10-prod-blue-border">

<div class="product__info-wrapper">
<span class="product__name">Johnnie Walker black label 40 %</span>
<div class="product__secondary-text">
<div>
0,7 l                            </div>
<span>Pôvodná cena:</span>
<span class="product__price-text">35,99
(1 l=51,41 €)                </span>
<div class="product__price-cc-text">
<span>s Clubcard:</span>
</div>
<span class="product__price-cc-text">24,99</span>
(1 l=35,70 €)        </div>
<div class="product__discount-percentage">
<div class="product__discount-normal-price">
35,99
</div>
<div class="discount-percentage__text">
<span>
-30
<span class="discount__percentage-sign">%</span>
</span>
</div>
</div>
<div class="product__price-wrapper-outer-box">
<div class="product__price-wrapper">
<div class="product__price ">
<span class="price__left-part">
24,99
</span>
</div>
<div class="product__cc-price-text">
Clubcard ceny
</div>
</div>
</div>
</div>
<div class="product__img-wrapper">
<div class="product__img-holder">
<img data-src="/img/opt/tescoce_sk/products/2022-12-28/png/johnnie-walker-2002006545200-1-5k.png" src="/img/lq/tescoce_sk/products/2022-12-28/png/johnnie-walker-2002006545200-1-5k.png" alt="Johnnie Walker black label 40 %"//><noscript><img src="/img/opt/tescoce_sk/products/2022-12-28/png/johnnie-walker-2002006545200-1-5k.png" alt="Johnnie Walker black label 40 %"//></noscript>
</div>
<img
class="country-flag"
src=""
alt=""
/>
</div>
</div>                                                            </a>
<div class="shopping-list-parts">
<div class="add-button">
<i class="icon">
<svg viewBox="0 0 24 24" width="100%" height="100%">
<line x1="3" y1="12" x2="21" y2="12"></line>
<line x1="12" y1="3" x2="12" y2="21"></line>
</svg>
</i>
<div class="add-text ddl_link_inline address addtoshoppinglist">
<div>
<span class="label_wrapper">
<span class="label">Pridať do zoznamu</span>
</span>
</div>
</div>
<span class="added-text">Pridané do <a
href="/akciove-ponuky/nakupny-zoznam/"
title="zoznamu"
target="_blank">zoznamu</a></span>
</div>
<div class="add-item">
<div class="add-item__inner">
<div class="newddl-text-field newddl-quantity qty_div">
<div class="newddl-button blue icon-bg standalone search-icon no-float less-button disabled">
<i class="icon">
<svg viewBox="0 0 24 8" width="100%" height="100%">
<line x1="3" y1="4" x2="21" y2="4"></line>
</svg>
</i>
</div>
<input type="text" class="newddl-quantity-input qty" value="1" min="1"
tabindex="0">
<div class="newddl-button blue icon-bg standalone search-icon no-float more-button">
<i class="icon">
<svg viewBox="0 0 24 24" width="100%" height="100%">
<line x1="3" y1="12" x2="21" y2="12"></line>
<line x1="12" y1="3" x2="12" y2="21"></line>
</svg>
</i>
</div>
</div>
<div class="newddl-button blue secondary no-float no-icon min-width accept-button add_to_basket"
onclick="addToBasket(this)"
data-template="/akciove-ponuky/nakupny-zoznam"
data-prod_id="1215982">
<span class="link-label">
Pridať do zoznamu                                              </span>
</div>
<div class="cancel-link"><a href="#cancel"
title="Zrušiť"
tabindex="0">Zrušiť</a>
</div>
</div>
</div>
<div class="added-item" style="">
<p class="t2 nddl">Pridané do <a
href="/akciove-ponuky/nakupny-zoznam/"
title="zoznamu"
target="_blank"
tabindex="0">zoznamu</a>
</p>
<a href="/akciove-ponuky/nakupny-zoznam/"
class="newddl-button blue secondary no-float no-icon min-width edit-button"
title="Upraviť zoznam" target="_blank"
tabindex="0">
<span class="link-label">Upraviť zoznam</span>
</a>
</div>
</div>
</div>

</div>
<div class="a-productListing__productsGrid__element">
<div class="ddl-product-lol  xEqHeights soon-expire"
title="Kensington gin pink 37,5%">
<div class="status-bar cf">
<div class="promo-countdown">

<i class="icon -lessThan48">
<svg xmlns="http://www.w3.org/2000/svg"
xmlns:xlink="http://www.w3.org/1999/xlink" width="22"
height="22" viewBox="0 0 22 22">
<defs>
<path id="ywjka"
d="M216.5 21a9.5 9.5 0 1 1-19 0 9.5 9.5 0 0 1 19 0z"/>
<path id="ywjkb" d="M207 14.5v7h-5"/>
</defs>
<g>
<g transform="translate(-196 -10)">
<use fill="#fff" fill-opacity="0" stroke="#fff"
stroke-miterlimit="50"
stroke-width="1.2" xlink:href="#ywjka"/>
</g>
<g transform="translate(-196 -10)">
<use fill="#fff" fill-opacity="0" stroke="#fff"
stroke-miterlimit="50"
stroke-width="1.2" xlink:href="#ywjkb"/>
</g>
</g>
</svg>
</i>

<i class="icon normal">
<svg xmlns="http://www.w3.org/2000/svg"
xmlns:xlink="http://www.w3.org/1999/xlink" width="22"
height="22" viewBox="0 0 22 22">
<defs>
<path id="ywjka"
d="M216.5 21a9.5 9.5 0 1 1-19 0 9.5 9.5 0 0 1 19 0z"/>
<path id="ywjkb" d="M207 14.5v7h-5"/>
</defs>
<g>
<g transform="translate(-196 -10)">
<use fill="#00539F" fill-opacity="0" stroke="#00539F"
stroke-miterlimit="50"
stroke-width="1.2" xlink:href="#ywjka"/>
</g>
<g transform="translate(-196 -10)">
<use fill="#00539F" fill-opacity="0" stroke="#00539F"
stroke-miterlimit="50"
stroke-width="1.2" xlink:href="#ywjkb"/>
</g>
</g>
</svg>
</i>

<div class="promo-countdown-wrapper">
<p>Zľava končí</p>
<b data-countdown="2023/01/04 0:00:00"
data-count-down-dur-locale="&quot;{\&quot;S\&quot;:\&quot;m\&quot;,\&quot;SS\&quot;:\&quot;m\&quot;,\&quot;s\&quot;:\&quot;d\&quot;,\&quot;ss\&quot;:\&quot;s\&quot;,\&quot;m\&quot;:\&quot;m\&quot;,\&quot;mm\&quot;:\&quot;m\&quot;,\&quot;h\&quot;:\&quot;h\&quot;,\&quot;hh\&quot;:\&quot;h\&quot;,\&quot;d\&quot;:\&quot;d\&quot;,\&quot;dd\&quot;:\&quot;d\&quot;,\&quot;w\&quot;:\&quot;t\&quot;,\&quot;ww\&quot;:\&quot;t\&quot;,\&quot;M\&quot;:\&quot;m\&quot;,\&quot;MM\&quot;:\&quot;m\&quot;,\&quot;y\&quot;:\&quot;r\&quot;,\&quot;yy\&quot;:\&quot;l\&quot;}&quot;"></b>
</div>
</div>
</div>
<a href="/akciove-ponuky/akciove-produkty/produkt/napoje/liehoviny-a-likery/kensington-gin-pink-37-5/"
class="details-box" tabindex="0">
<div class="product__inner cc-tier2-higher-than-10-prod-blue-border">

<div class="product__info-wrapper">
<span class="product__name">Kensington gin pink 37,5%</span>
<div class="product__secondary-text">
<div>
0,7 l                            </div>
<span>Pôvodná cena:</span>
<span class="product__price-text">10,49
(1 l=14,99 €)                </span>
<div class="product__price-cc-text">
<span>s Clubcard:</span>
</div>
<span class="product__price-cc-text">8,29</span>
(1 l=11,84 €)        </div>
<div class="product__discount-percentage">
<div class="product__discount-normal-price">
10,49
</div>
<div class="discount-percentage__text">
<span>
-20
<span class="discount__percentage-sign">%</span>
</span>
</div>
</div>
<div class="product__price-wrapper-outer-box">
<div class="product__price-wrapper">
<div class="product__price ">
<span class="price__left-part">
8,29
</span>
</div>
<div class="product__cc-price-text">
Clubcard ceny
</div>
</div>
</div>
</div>
<div class="product__img-wrapper">
<div class="product__img-holder">
<img data-src="/img/opt/tescoce_sk/products/2022-12-28/png/kensington-gin-2002020302020-1-5k.png" src="/img/lq/tescoce_sk/products/2022-12-28/png/kensington-gin-2002020302020-1-5k.png" alt="Kensington gin pink 37,5%"//><noscript><img src="/img/opt/tescoce_sk/products/2022-12-28/png/kensington-gin-2002020302020-1-5k.png" alt="Kensington gin pink 37,5%"//></noscript>
</div>
<img
class="country-flag"
src=""
alt=""
/>
</div>
</div>                                                            </a>
<div class="shopping-list-parts">
<div class="add-button">
<i class="icon">
<svg viewBox="0 0 24 24" width="100%" height="100%">
<line x1="3" y1="12" x2="21" y2="12"></line>
<line x1="12" y1="3" x2="12" y2="21"></line>
</svg>
</i>
<div class="add-text ddl_link_inline address addtoshoppinglist">
<div>
<span class="label_wrapper">
<span class="label">Pridať do zoznamu</span>
</span>
</div>
</div>
<span class="added-text">Pridané do <a
href="/akciove-ponuky/nakupny-zoznam/"
title="zoznamu"
target="_blank">zoznamu</a></span>
</div>
<div class="add-item">
<div class="add-item__inner">
<div class="newddl-text-field newddl-quantity qty_div">
<div class="newddl-button blue icon-bg standalone search-icon no-float less-button disabled">
<i class="icon">
<svg viewBox="0 0 24 8" width="100%" height="100%">
<line x1="3" y1="4" x2="21" y2="4"></line>
</svg>
</i>
</div>
<input type="text" class="newddl-quantity-input qty" value="1" min="1"
tabindex="0">
<div class="newddl-button blue icon-bg standalone search-icon no-float more-button">
<i class="icon">
<svg viewBox="0 0 24 24" width="100%" height="100%">
<line x1="3" y1="12" x2="21" y2="12"></line>
<line x1="12" y1="3" x2="12" y2="21"></line>
</svg>
</i>
</div>
</div>
<div class="newddl-button blue secondary no-float no-icon min-width accept-button add_to_basket"
onclick="addToBasket(this)"
data-template="/akciove-ponuky/nakupny-zoznam"
data-prod_id="1217122">
<span class="link-label">
Pridať do zoznamu                                              </span>
</div>
<div class="cancel-link"><a href="#cancel"
title="Zrušiť"
tabindex="0">Zrušiť</a>
</div>
</div>
</div>
<div class="added-item" style="">
<p class="t2 nddl">Pridané do <a
href="/akciove-ponuky/nakupny-zoznam/"
title="zoznamu"
target="_blank"
tabindex="0">zoznamu</a>
</p>
<a href="/akciove-ponuky/nakupny-zoznam/"
class="newddl-button blue secondary no-float no-icon min-width edit-button"
title="Upraviť zoznam" target="_blank"
tabindex="0">
<span class="link-label">Upraviť zoznam</span>
</a>
</div>
</div>
</div>

</div>
<div class="a-productListing__productsGrid__element">
<div class="ddl-product-lol  xEqHeights soon-expire"
title="Kofola">
<div class="status-bar cf">
<div class="hovershowtooltip">
<div class="inner">
Ponuka je platná do 03.01.2023.
</div>
<div class="arrow-container">
<div class="arrow-down"></div>
<div class="arrow-down-fg"></div>
</div>
</div>
<a href="https://potravinydomov.itesco.sk/groceries/sk-SK/products/2002121560206"
class="newddl-button left transparent ghs-link"
tabindex="0" target="_blank">
<i class="icon">
<svg xmlns="http://www.w3.org/2000/svg"
xmlns:xlink="http://www.w3.org/1999/xlink"
style="width: 20px !important" height="13" viewBox="0 0 23 13">
<defs>
<path id="clxfa"
d="M33.33 21.44c.44.1.67.38.67.8v3.1c0 .47-.38.84-.84.84h-.9a2.2 2.2 0 0 1-2.18 1.8 2.2 2.2 0 0 1-2.17-1.8h-7.9a2.22 2.22 0 0 1-2.2 1.82c-1.1 0-2-.79-2.19-1.82h-1.66c-.97 0-1.15-.92-1.25-1.41l-1.04-4.25-.41-.27a.3.3 0 0 1-.14-.23L11 18.73c0-.84.66-1.5 1.48-1.5h2.3l-.14.15a.46.46 0 0 0 0 .66.47.47 0 0 0 .66 0l.8-.8h.01l2.11-2.1c.14-.14.41-.19.58-.09.15.09.24.24.24.4 0 .13-.05.24-.14.33l-1.47 1.46h4.39l-1.47-1.46a.46.46 0 0 1 .1-.73c.17-.1.43-.05.57.1L24 18.08c.08.06.18.1.28.1.17 0 .32-.09.4-.24.1-.17.05-.43-.09-.57l-.14-.14h2.31c.77 0 1.39.57 1.47 1.3h1.75c.22 0 .8 0 1.03.71l.8 1.94zM28.7 25.8c0 .75.62 1.36 1.37 1.36.86 0 1.54-.77 1.35-1.65-.1-.52-.53-.93-1.05-1.04a1.38 1.38 0 0 0-1.67 1.33zm-2.17-1c-.05.23-.12.44-.22.63h1.6a2.2 2.2 0 0 1 2.16-1.81c1.09 0 2 .76 2.18 1.8h.9c.04 0 .07-.03.07-.06v-3.11-.04l-.06-.01-1.7-.28a.39.39 0 0 1-.3-.23l-.9-2.2c-.05-.16-.08-.17-.29-.17h-1.77-.02l-.06.71a.3.3 0 0 1-.14.23l-.41.27zm-8.25-4.07a.42.42 0 0 0-.42.43l.29 2.69a.42.42 0 1 0 .83-.02l-.28-2.69a.42.42 0 0 0-.42-.4zm-3 3.15c.02.21.2.38.41.38h.04a.42.42 0 0 0 .38-.46l-.43-2.69a.41.41 0 0 0-.45-.38.42.42 0 0 0-.38.46zm2.53 3.27c.61 0 1.13-.4 1.3-.96h-2.6c.16.56.68.96 1.3.96zm4.11-6a.42.42 0 0 0-.41-.42.41.41 0 0 0-.42.4l-.28 2.72c0 .22.18.4.41.4.23 0 .42-.18.42-.39zm2.17 3.1c.22 0 .4-.16.42-.36l.43-2.71a.41.41 0 0 0-.38-.45.42.42 0 0 0-.45.37l-.43 2.71c-.01.11.02.22.1.3.07.09.17.14.28.15z"></path>
</defs>
<g>
<g clip-path="url(#clip-72B53A8F-48D2-421E-9EC9-9A8CE7DC52A1)"
transform="translate(-11 -15)">
<use fill="#00549e" stroke="none" xlink:href="#clxfa"></use>
</g>
</g>
</svg>
</i>
<div class="ddl_link_inline address shoponline"
style="display: inline-block; vertical-align: middle;">
<span class="link">
<span class="label_wrapper">
<span class="label">
Kúpiť teraz                                                    </span>
</span>
</span>
</div>
</a>
<div class="promo-countdown">

<i class="icon -lessThan48">
<svg xmlns="http://www.w3.org/2000/svg"
xmlns:xlink="http://www.w3.org/1999/xlink" width="22"
height="22" viewBox="0 0 22 22">
<defs>
<path id="ywjka"
d="M216.5 21a9.5 9.5 0 1 1-19 0 9.5 9.5 0 0 1 19 0z"/>
<path id="ywjkb" d="M207 14.5v7h-5"/>
</defs>
<g>
<g transform="translate(-196 -10)">
<use fill="#fff" fill-opacity="0" stroke="#fff"
stroke-miterlimit="50"
stroke-width="1.2" xlink:href="#ywjka"/>
</g>
<g transform="translate(-196 -10)">
<use fill="#fff" fill-opacity="0" stroke="#fff"
stroke-miterlimit="50"
stroke-width="1.2" xlink:href="#ywjkb"/>
</g>
</g>
</svg>
</i>

<i class="icon normal">
<svg xmlns="http://www.w3.org/2000/svg"
xmlns:xlink="http://www.w3.org/1999/xlink" width="22"
height="22" viewBox="0 0 22 22">
<defs>
<path id="ywjka"
d="M216.5 21a9.5 9.5 0 1 1-19 0 9.5 9.5 0 0 1 19 0z"/>
<path id="ywjkb" d="M207 14.5v7h-5"/>
</defs>
<g>
<g transform="translate(-196 -10)">
<use fill="#00539F" fill-opacity="0" stroke="#00539F"
stroke-miterlimit="50"
stroke-width="1.2" xlink:href="#ywjka"/>
</g>
<g transform="translate(-196 -10)">
<use fill="#00539F" fill-opacity="0" stroke="#00539F"
stroke-miterlimit="50"
stroke-width="1.2" xlink:href="#ywjkb"/>
</g>
</g>
</svg>
</i>

<div class="promo-countdown-wrapper">
<p>Zľava končí</p>
<b data-countdown="2023/01/04 0:00:00"
data-count-down-dur-locale="&quot;{\&quot;S\&quot;:\&quot;m\&quot;,\&quot;SS\&quot;:\&quot;m\&quot;,\&quot;s\&quot;:\&quot;d\&quot;,\&quot;ss\&quot;:\&quot;s\&quot;,\&quot;m\&quot;:\&quot;m\&quot;,\&quot;mm\&quot;:\&quot;m\&quot;,\&quot;h\&quot;:\&quot;h\&quot;,\&quot;hh\&quot;:\&quot;h\&quot;,\&quot;d\&quot;:\&quot;d\&quot;,\&quot;dd\&quot;:\&quot;d\&quot;,\&quot;w\&quot;:\&quot;t\&quot;,\&quot;ww\&quot;:\&quot;t\&quot;,\&quot;M\&quot;:\&quot;m\&quot;,\&quot;MM\&quot;:\&quot;m\&quot;,\&quot;y\&quot;:\&quot;r\&quot;,\&quot;yy\&quot;:\&quot;l\&quot;}&quot;"></b>
</div>
</div>
</div>
<a href="/akciove-ponuky/akciove-produkty/produkt/napoje/nealkoholicke-napoje/kofola/"
class="details-box" tabindex="0">
<div class="product__inner cc-tier2-lower-than-10-prod-blue-border">

<div class="product__info-wrapper">
<span class="product__name">Kofola</span>
<div class="product__secondary-text">
<div>
viac druhov, 2 l 
Záloha za vratný 
obal 0,15                            </div>
<span>Pôvodná cena:</span>
<span class="product__price-text">1,39
(1 l=0,70 €)                </span>
<div class="product__price-cc-text">
<span>s Clubcard:</span>
</div>
<span class="product__price-cc-text">0,85</span>
(1 l=0,43 €)        </div>
<div class="product__discount">
<div class="product__discount-normal-price">
1,39
</div>
<div class="saved_price__text">
<span>-0,54</span>
</div>
</div>
<div class="product__price-wrapper-outer-box">
<div class="product__price-wrapper">
<div class="product__price">
<span class="price__left-part">
0,85
</span>
</div>
<div class="product__cc-price-text">
Clubcard ceny
</div>
</div>
</div>
</div>
<div class="product__img-wrapper">
<div class="product__img-holder">
<img data-src="/img/opt/tescoce_sk/products/2022-11-23/png/kofola-2002121560206-1-5k.png" src="/img/lq/tescoce_sk/products/2022-11-23/png/kofola-2002121560206-1-5k.png" alt="Kofola"//><noscript><img src="/img/opt/tescoce_sk/products/2022-11-23/png/kofola-2002121560206-1-5k.png" alt="Kofola"//></noscript>
</div>
<img
class="country-flag"
src="/img/npc/flags/slovak.svg"
alt="szlovák zászló"
/>
</div>
</div>                                                            </a>
<div class="shopping-list-parts">
<div class="add-button">
<i class="icon">
<svg viewBox="0 0 24 24" width="100%" height="100%">
<line x1="3" y1="12" x2="21" y2="12"></line>
<line x1="12" y1="3" x2="12" y2="21"></line>
</svg>
</i>
<div class="add-text ddl_link_inline address addtoshoppinglist">
<div>
<span class="label_wrapper">
<span class="label">Pridať do zoznamu</span>
</span>
</div>
</div>
<span class="added-text">Pridané do <a
href="/akciove-ponuky/nakupny-zoznam/"
title="zoznamu"
target="_blank">zoznamu</a></span>
</div>
<div class="add-item">
<div class="add-item__inner">
<div class="newddl-text-field newddl-quantity qty_div">
<div class="newddl-button blue icon-bg standalone search-icon no-float less-button disabled">
<i class="icon">
<svg viewBox="0 0 24 8" width="100%" height="100%">
<line x1="3" y1="4" x2="21" y2="4"></line>
</svg>
</i>
</div>
<input type="text" class="newddl-quantity-input qty" value="1" min="1"
tabindex="0">
<div class="newddl-button blue icon-bg standalone search-icon no-float more-button">
<i class="icon">
<svg viewBox="0 0 24 24" width="100%" height="100%">
<line x1="3" y1="12" x2="21" y2="12"></line>
<line x1="12" y1="3" x2="12" y2="21"></line>
</svg>
</i>
</div>
</div>
<div class="newddl-button blue secondary no-float no-icon min-width accept-button add_to_basket"
onclick="addToBasket(this)"
data-template="/akciove-ponuky/nakupny-zoznam"
data-prod_id="1192762">
<span class="link-label">
Pridať do zoznamu                                              </span>
</div>
<div class="cancel-link"><a href="#cancel"
title="Zrušiť"
tabindex="0">Zrušiť</a>
</div>
</div>
</div>
<div class="added-item" style="">
<p class="t2 nddl">Pridané do <a
href="/akciove-ponuky/nakupny-zoznam/"
title="zoznamu"
target="_blank"
tabindex="0">zoznamu</a>
</p>
<a href="/akciove-ponuky/nakupny-zoznam/"
class="newddl-button blue secondary no-float no-icon min-width edit-button"
title="Upraviť zoznam" target="_blank"
tabindex="0">
<span class="link-label">Upraviť zoznam</span>
</a>
</div>
</div>
</div>

</div>
<div class="a-productListing__productsGrid__element">
<div class="ddl-product-lol  xEqHeights soon-expire"
title="Krušovice Imperial">
<div class="status-bar cf">
<div class="hovershowtooltip">
<div class="inner">
Ponuka je platná do 31.12.2022.
</div>
<div class="arrow-container">
<div class="arrow-down"></div>
<div class="arrow-down-fg"></div>
</div>
</div>
<a href="https://potravinydomov.itesco.sk/groceries/sk-SK/products/2002121487777"
class="newddl-button left transparent ghs-link"
tabindex="0" target="_blank">
<i class="icon">
<svg xmlns="http://www.w3.org/2000/svg"
xmlns:xlink="http://www.w3.org/1999/xlink"
style="width: 20px !important" height="13" viewBox="0 0 23 13">
<defs>
<path id="clxfa"
d="M33.33 21.44c.44.1.67.38.67.8v3.1c0 .47-.38.84-.84.84h-.9a2.2 2.2 0 0 1-2.18 1.8 2.2 2.2 0 0 1-2.17-1.8h-7.9a2.22 2.22 0 0 1-2.2 1.82c-1.1 0-2-.79-2.19-1.82h-1.66c-.97 0-1.15-.92-1.25-1.41l-1.04-4.25-.41-.27a.3.3 0 0 1-.14-.23L11 18.73c0-.84.66-1.5 1.48-1.5h2.3l-.14.15a.46.46 0 0 0 0 .66.47.47 0 0 0 .66 0l.8-.8h.01l2.11-2.1c.14-.14.41-.19.58-.09.15.09.24.24.24.4 0 .13-.05.24-.14.33l-1.47 1.46h4.39l-1.47-1.46a.46.46 0 0 1 .1-.73c.17-.1.43-.05.57.1L24 18.08c.08.06.18.1.28.1.17 0 .32-.09.4-.24.1-.17.05-.43-.09-.57l-.14-.14h2.31c.77 0 1.39.57 1.47 1.3h1.75c.22 0 .8 0 1.03.71l.8 1.94zM28.7 25.8c0 .75.62 1.36 1.37 1.36.86 0 1.54-.77 1.35-1.65-.1-.52-.53-.93-1.05-1.04a1.38 1.38 0 0 0-1.67 1.33zm-2.17-1c-.05.23-.12.44-.22.63h1.6a2.2 2.2 0 0 1 2.16-1.81c1.09 0 2 .76 2.18 1.8h.9c.04 0 .07-.03.07-.06v-3.11-.04l-.06-.01-1.7-.28a.39.39 0 0 1-.3-.23l-.9-2.2c-.05-.16-.08-.17-.29-.17h-1.77-.02l-.06.71a.3.3 0 0 1-.14.23l-.41.27zm-8.25-4.07a.42.42 0 0 0-.42.43l.29 2.69a.42.42 0 1 0 .83-.02l-.28-2.69a.42.42 0 0 0-.42-.4zm-3 3.15c.02.21.2.38.41.38h.04a.42.42 0 0 0 .38-.46l-.43-2.69a.41.41 0 0 0-.45-.38.42.42 0 0 0-.38.46zm2.53 3.27c.61 0 1.13-.4 1.3-.96h-2.6c.16.56.68.96 1.3.96zm4.11-6a.42.42 0 0 0-.41-.42.41.41 0 0 0-.42.4l-.28 2.72c0 .22.18.4.41.4.23 0 .42-.18.42-.39zm2.17 3.1c.22 0 .4-.16.42-.36l.43-2.71a.41.41 0 0 0-.38-.45.42.42 0 0 0-.45.37l-.43 2.71c-.01.11.02.22.1.3.07.09.17.14.28.15z"></path>
</defs>
<g>
<g clip-path="url(#clip-72B53A8F-48D2-421E-9EC9-9A8CE7DC52A1)"
transform="translate(-11 -15)">
<use fill="#00549e" stroke="none" xlink:href="#clxfa"></use>
</g>
</g>
</svg>
</i>
<div class="ddl_link_inline address shoponline"
style="display: inline-block; vertical-align: middle;">
<span class="link">
<span class="label_wrapper">
<span class="label">
Kúpiť teraz                                                    </span>
</span>
</span>
</div>
</a>
<div class="promo-countdown -lessThan48">

<i class="icon -lessThan48">
<svg xmlns="http://www.w3.org/2000/svg"
xmlns:xlink="http://www.w3.org/1999/xlink" width="22"
height="22" viewBox="0 0 22 22">
<defs>
<path id="ywjka"
d="M216.5 21a9.5 9.5 0 1 1-19 0 9.5 9.5 0 0 1 19 0z"/>
<path id="ywjkb" d="M207 14.5v7h-5"/>
</defs>
<g>
<g transform="translate(-196 -10)">
<use fill="#fff" fill-opacity="0" stroke="#fff"
stroke-miterlimit="50"
stroke-width="1.2" xlink:href="#ywjka"/>
</g>
<g transform="translate(-196 -10)">
<use fill="#fff" fill-opacity="0" stroke="#fff"
stroke-miterlimit="50"
stroke-width="1.2" xlink:href="#ywjkb"/>
</g>
</g>
</svg>
</i>

<i class="icon normal">
<svg xmlns="http://www.w3.org/2000/svg"
xmlns:xlink="http://www.w3.org/1999/xlink" width="22"
height="22" viewBox="0 0 22 22">
<defs>
<path id="ywjka"
d="M216.5 21a9.5 9.5 0 1 1-19 0 9.5 9.5 0 0 1 19 0z"/>
<path id="ywjkb" d="M207 14.5v7h-5"/>
</defs>
<g>
<g transform="translate(-196 -10)">
<use fill="#00539F" fill-opacity="0" stroke="#00539F"
stroke-miterlimit="50"
stroke-width="1.2" xlink:href="#ywjka"/>
</g>
<g transform="translate(-196 -10)">
<use fill="#00539F" fill-opacity="0" stroke="#00539F"
stroke-miterlimit="50"
stroke-width="1.2" xlink:href="#ywjkb"/>
</g>
</g>
</svg>
</i>

<div class="promo-countdown-wrapper">
<p>Zľava končí</p>
<b data-countdown="2023/01/01 0:00:00"
data-count-down-dur-locale="&quot;{\&quot;S\&quot;:\&quot;m\&quot;,\&quot;SS\&quot;:\&quot;m\&quot;,\&quot;s\&quot;:\&quot;d\&quot;,\&quot;ss\&quot;:\&quot;s\&quot;,\&quot;m\&quot;:\&quot;m\&quot;,\&quot;mm\&quot;:\&quot;m\&quot;,\&quot;h\&quot;:\&quot;h\&quot;,\&quot;hh\&quot;:\&quot;h\&quot;,\&quot;d\&quot;:\&quot;d\&quot;,\&quot;dd\&quot;:\&quot;d\&quot;,\&quot;w\&quot;:\&quot;t\&quot;,\&quot;ww\&quot;:\&quot;t\&quot;,\&quot;M\&quot;:\&quot;m\&quot;,\&quot;MM\&quot;:\&quot;m\&quot;,\&quot;y\&quot;:\&quot;r\&quot;,\&quot;yy\&quot;:\&quot;l\&quot;}&quot;"></b>
</div>
</div>
</div>
<a href="/akciove-ponuky/akciove-produkty/produkt/napoje/piva/krusovice-imperial/"
class="details-box" tabindex="0">
<div class="product__inner cc-tier2-higher-than-10-prod-blue-border">

<div class="product__info-wrapper">
<span class="product__name">Krušovice Imperial</span>
<div class="product__secondary-text">
<div>
5 × 0,5 l + krígeľ 
Záloha za vratný 
obal 0,13                            </div>
<span>Pôvodná cena:</span>
<span class="product__price-text">5,59
(1 l=2,24 €)                </span>
<div class="product__price-cc-text">
<span>s Clubcard:</span>
</div>
<span class="product__price-cc-text">4,39</span>
(1 l=1,76 €)        </div>
<div class="product__discount-percentage">
<div class="product__discount-normal-price">
5,59
</div>
<div class="discount-percentage__text">
<span>
-21
<span class="discount__percentage-sign">%</span>
</span>
</div>
</div>
<div class="product__price-wrapper-outer-box">
<div class="product__price-wrapper">
<div class="product__price ">
<span class="price__left-part">
4,39
</span>
</div>
<div class="product__cc-price-text">
Clubcard ceny
</div>
</div>
</div>
</div>
<div class="product__img-wrapper">
<div class="product__img-holder">
<img data-src="/img/opt/tescoce_sk/products/2022-11-09/png/krusovice-imperial-2002121487777-1-5k.png" src="/img/lq/tescoce_sk/products/2022-11-09/png/krusovice-imperial-2002121487777-1-5k.png" alt="Krušovice Imperial"//><noscript><img src="/img/opt/tescoce_sk/products/2022-11-09/png/krusovice-imperial-2002121487777-1-5k.png" alt="Krušovice Imperial"//></noscript>
</div>
<img
class="country-flag"
src=""
alt=""
/>
</div>
</div>                                                            </a>
<div class="shopping-list-parts">
<div class="add-button">
<i class="icon">
<svg viewBox="0 0 24 24" width="100%" height="100%">
<line x1="3" y1="12" x2="21" y2="12"></line>
<line x1="12" y1="3" x2="12" y2="21"></line>
</svg>
</i>
<div class="add-text ddl_link_inline address addtoshoppinglist">
<div>
<span class="label_wrapper">
<span class="label">Pridať do zoznamu</span>
</span>
</div>
</div>
<span class="added-text">Pridané do <a
href="/akciove-ponuky/nakupny-zoznam/"
title="zoznamu"
target="_blank">zoznamu</a></span>
</div>
<div class="add-item">
<div class="add-item__inner">
<div class="newddl-text-field newddl-quantity qty_div">
<div class="newddl-button blue icon-bg standalone search-icon no-float less-button disabled">
<i class="icon">
<svg viewBox="0 0 24 8" width="100%" height="100%">
<line x1="3" y1="4" x2="21" y2="4"></line>
</svg>
</i>
</div>
<input type="text" class="newddl-quantity-input qty" value="1" min="1"
tabindex="0">
<div class="newddl-button blue icon-bg standalone search-icon no-float more-button">
<i class="icon">
<svg viewBox="0 0 24 24" width="100%" height="100%">
<line x1="3" y1="12" x2="21" y2="12"></line>
<line x1="12" y1="3" x2="12" y2="21"></line>
</svg>
</i>
</div>
</div>
<div class="newddl-button blue secondary no-float no-icon min-width accept-button add_to_basket"
onclick="addToBasket(this)"
data-template="/akciove-ponuky/nakupny-zoznam"
data-prod_id="1187592">
<span class="link-label">
Pridať do zoznamu                                              </span>
</div>
<div class="cancel-link"><a href="#cancel"
title="Zrušiť"
tabindex="0">Zrušiť</a>
</div>
</div>
</div>
<div class="added-item" style="">
<p class="t2 nddl">Pridané do <a
href="/akciove-ponuky/nakupny-zoznam/"
title="zoznamu"
target="_blank"
tabindex="0">zoznamu</a>
</p>
<a href="/akciove-ponuky/nakupny-zoznam/"
class="newddl-button blue secondary no-float no-icon min-width edit-button"
title="Upraviť zoznam" target="_blank"
tabindex="0">
<span class="link-label">Upraviť zoznam</span>
</a>
</div>
</div>
</div>

</div>
<div class="a-productListing__productsGrid__element">
<div class="ddl-product-lol  xEqHeights soon-expire"
title="Lagunitas IPA">
<div class="status-bar cf">
<div class="hovershowtooltip">
<div class="inner">
Ponuka je platná do 03.01.2023.
</div>
<div class="arrow-container">
<div class="arrow-down"></div>
<div class="arrow-down-fg"></div>
</div>
</div>
<a href="https://potravinydomov.itesco.sk/groceries/sk-SK/products/2002020329515"
class="newddl-button left transparent ghs-link"
tabindex="0" target="_blank">
<i class="icon">
<svg xmlns="http://www.w3.org/2000/svg"
xmlns:xlink="http://www.w3.org/1999/xlink"
style="width: 20px !important" height="13" viewBox="0 0 23 13">
<defs>
<path id="clxfa"
d="M33.33 21.44c.44.1.67.38.67.8v3.1c0 .47-.38.84-.84.84h-.9a2.2 2.2 0 0 1-2.18 1.8 2.2 2.2 0 0 1-2.17-1.8h-7.9a2.22 2.22 0 0 1-2.2 1.82c-1.1 0-2-.79-2.19-1.82h-1.66c-.97 0-1.15-.92-1.25-1.41l-1.04-4.25-.41-.27a.3.3 0 0 1-.14-.23L11 18.73c0-.84.66-1.5 1.48-1.5h2.3l-.14.15a.46.46 0 0 0 0 .66.47.47 0 0 0 .66 0l.8-.8h.01l2.11-2.1c.14-.14.41-.19.58-.09.15.09.24.24.24.4 0 .13-.05.24-.14.33l-1.47 1.46h4.39l-1.47-1.46a.46.46 0 0 1 .1-.73c.17-.1.43-.05.57.1L24 18.08c.08.06.18.1.28.1.17 0 .32-.09.4-.24.1-.17.05-.43-.09-.57l-.14-.14h2.31c.77 0 1.39.57 1.47 1.3h1.75c.22 0 .8 0 1.03.71l.8 1.94zM28.7 25.8c0 .75.62 1.36 1.37 1.36.86 0 1.54-.77 1.35-1.65-.1-.52-.53-.93-1.05-1.04a1.38 1.38 0 0 0-1.67 1.33zm-2.17-1c-.05.23-.12.44-.22.63h1.6a2.2 2.2 0 0 1 2.16-1.81c1.09 0 2 .76 2.18 1.8h.9c.04 0 .07-.03.07-.06v-3.11-.04l-.06-.01-1.7-.28a.39.39 0 0 1-.3-.23l-.9-2.2c-.05-.16-.08-.17-.29-.17h-1.77-.02l-.06.71a.3.3 0 0 1-.14.23l-.41.27zm-8.25-4.07a.42.42 0 0 0-.42.43l.29 2.69a.42.42 0 1 0 .83-.02l-.28-2.69a.42.42 0 0 0-.42-.4zm-3 3.15c.02.21.2.38.41.38h.04a.42.42 0 0 0 .38-.46l-.43-2.69a.41.41 0 0 0-.45-.38.42.42 0 0 0-.38.46zm2.53 3.27c.61 0 1.13-.4 1.3-.96h-2.6c.16.56.68.96 1.3.96zm4.11-6a.42.42 0 0 0-.41-.42.41.41 0 0 0-.42.4l-.28 2.72c0 .22.18.4.41.4.23 0 .42-.18.42-.39zm2.17 3.1c.22 0 .4-.16.42-.36l.43-2.71a.41.41 0 0 0-.38-.45.42.42 0 0 0-.45.37l-.43 2.71c-.01.11.02.22.1.3.07.09.17.14.28.15z"></path>
</defs>
<g>
<g clip-path="url(#clip-72B53A8F-48D2-421E-9EC9-9A8CE7DC52A1)"
transform="translate(-11 -15)">
<use fill="#00549e" stroke="none" xlink:href="#clxfa"></use>
</g>
</g>
</svg>
</i>
<div class="ddl_link_inline address shoponline"
style="display: inline-block; vertical-align: middle;">
<span class="link">
<span class="label_wrapper">
<span class="label">
Kúpiť teraz                                                    </span>
</span>
</span>
</div>
</a>
<div class="promo-countdown">

<i class="icon -lessThan48">
<svg xmlns="http://www.w3.org/2000/svg"
xmlns:xlink="http://www.w3.org/1999/xlink" width="22"
height="22" viewBox="0 0 22 22">
<defs>
<path id="ywjka"
d="M216.5 21a9.5 9.5 0 1 1-19 0 9.5 9.5 0 0 1 19 0z"/>
<path id="ywjkb" d="M207 14.5v7h-5"/>
</defs>
<g>
<g transform="translate(-196 -10)">
<use fill="#fff" fill-opacity="0" stroke="#fff"
stroke-miterlimit="50"
stroke-width="1.2" xlink:href="#ywjka"/>
</g>
<g transform="translate(-196 -10)">
<use fill="#fff" fill-opacity="0" stroke="#fff"
stroke-miterlimit="50"
stroke-width="1.2" xlink:href="#ywjkb"/>
</g>
</g>
</svg>
</i>

<i class="icon normal">
<svg xmlns="http://www.w3.org/2000/svg"
xmlns:xlink="http://www.w3.org/1999/xlink" width="22"
height="22" viewBox="0 0 22 22">
<defs>
<path id="ywjka"
d="M216.5 21a9.5 9.5 0 1 1-19 0 9.5 9.5 0 0 1 19 0z"/>
<path id="ywjkb" d="M207 14.5v7h-5"/>
</defs>
<g>
<g transform="translate(-196 -10)">
<use fill="#00539F" fill-opacity="0" stroke="#00539F"
stroke-miterlimit="50"
stroke-width="1.2" xlink:href="#ywjka"/>
</g>
<g transform="translate(-196 -10)">
<use fill="#00539F" fill-opacity="0" stroke="#00539F"
stroke-miterlimit="50"
stroke-width="1.2" xlink:href="#ywjkb"/>
</g>
</g>
</svg>
</i>

<div class="promo-countdown-wrapper">
<p>Zľava končí</p>
<b data-countdown="2023/01/04 0:00:00"
data-count-down-dur-locale="&quot;{\&quot;S\&quot;:\&quot;m\&quot;,\&quot;SS\&quot;:\&quot;m\&quot;,\&quot;s\&quot;:\&quot;d\&quot;,\&quot;ss\&quot;:\&quot;s\&quot;,\&quot;m\&quot;:\&quot;m\&quot;,\&quot;mm\&quot;:\&quot;m\&quot;,\&quot;h\&quot;:\&quot;h\&quot;,\&quot;hh\&quot;:\&quot;h\&quot;,\&quot;d\&quot;:\&quot;d\&quot;,\&quot;dd\&quot;:\&quot;d\&quot;,\&quot;w\&quot;:\&quot;t\&quot;,\&quot;ww\&quot;:\&quot;t\&quot;,\&quot;M\&quot;:\&quot;m\&quot;,\&quot;MM\&quot;:\&quot;m\&quot;,\&quot;y\&quot;:\&quot;r\&quot;,\&quot;yy\&quot;:\&quot;l\&quot;}&quot;"></b>
</div>
</div>
</div>
<a href="/akciove-ponuky/akciove-produkty/produkt/napoje/piva/lagunitas-ipa/"
class="details-box" tabindex="0">
<div class="product__inner cc-tier2-higher-than-10-prod-blue-border">

<div class="product__info-wrapper">
<span class="product__name">Lagunitas IPA</span>
<div class="product__secondary-text">
<div>
Day Time Session, 0,355 l                            </div>
<span>Pôvodná cena:</span>
<span class="product__price-text">2,59
(1 l=7,30 €)                </span>
<div class="product__price-cc-text">
<span>s Clubcard:</span>
</div>
<span class="product__price-cc-text">1,89</span>
(1 l=5,32 €)        </div>
<div class="product__discount-percentage">
<div class="product__discount-normal-price">
2,59
</div>
<div class="discount-percentage__text">
<span>
-27
<span class="discount__percentage-sign">%</span>
</span>
</div>
</div>
<div class="product__price-wrapper-outer-box">
<div class="product__price-wrapper">
<div class="product__price ">
<span class="price__left-part">
1,89
</span>
</div>
<div class="product__cc-price-text">
Clubcard ceny
</div>
</div>
</div>
</div>
<div class="product__img-wrapper">
<div class="product__img-holder">
<img data-src="/img/opt/tescoce_sk/products/2022-12-07/png/lagunitas-ipa-2002020329515-1-5k.png" src="/img/lq/tescoce_sk/products/2022-12-07/png/lagunitas-ipa-2002020329515-1-5k.png" alt="Lagunitas IPA"//><noscript><img src="/img/opt/tescoce_sk/products/2022-12-07/png/lagunitas-ipa-2002020329515-1-5k.png" alt="Lagunitas IPA"//></noscript>
</div>
<img
class="country-flag"
src=""
alt=""
/>
</div>
</div>                                                            </a>
<div class="shopping-list-parts">
<div class="add-button">
<i class="icon">
<svg viewBox="0 0 24 24" width="100%" height="100%">
<line x1="3" y1="12" x2="21" y2="12"></line>
<line x1="12" y1="3" x2="12" y2="21"></line>
</svg>
</i>
<div class="add-text ddl_link_inline address addtoshoppinglist">
<div>
<span class="label_wrapper">
<span class="label">Pridať do zoznamu</span>
</span>
</div>
</div>
<span class="added-text">Pridané do <a
href="/akciove-ponuky/nakupny-zoznam/"
title="zoznamu"
target="_blank">zoznamu</a></span>
</div>
<div class="add-item">
<div class="add-item__inner">
<div class="newddl-text-field newddl-quantity qty_div">
<div class="newddl-button blue icon-bg standalone search-icon no-float less-button disabled">
<i class="icon">
<svg viewBox="0 0 24 8" width="100%" height="100%">
<line x1="3" y1="4" x2="21" y2="4"></line>
</svg>
</i>
</div>
<input type="text" class="newddl-quantity-input qty" value="1" min="1"
tabindex="0">
<div class="newddl-button blue icon-bg standalone search-icon no-float more-button">
<i class="icon">
<svg viewBox="0 0 24 24" width="100%" height="100%">
<line x1="3" y1="12" x2="21" y2="12"></line>
<line x1="12" y1="3" x2="12" y2="21"></line>
</svg>
</i>
</div>
</div>
<div class="newddl-button blue secondary no-float no-icon min-width accept-button add_to_basket"
onclick="addToBasket(this)"
data-template="/akciove-ponuky/nakupny-zoznam"
data-prod_id="1209702">
<span class="link-label">
Pridať do zoznamu                                              </span>
</div>
<div class="cancel-link"><a href="#cancel"
title="Zrušiť"
tabindex="0">Zrušiť</a>
</div>
</div>
</div>
<div class="added-item" style="">
<p class="t2 nddl">Pridané do <a
href="/akciove-ponuky/nakupny-zoznam/"
title="zoznamu"
target="_blank"
tabindex="0">zoznamu</a>
</p>
<a href="/akciove-ponuky/nakupny-zoznam/"
class="newddl-button blue secondary no-float no-icon min-width edit-button"
title="Upraviť zoznam" target="_blank"
tabindex="0">
<span class="link-label">Upraviť zoznam</span>
</a>
</div>
</div>
</div>

</div>
<div class="a-productListing__productsGrid__element">
<div class="ddl-product-lol  xEqHeights soon-expire"
title="Lipton darčeková dóza">
<div class="status-bar cf">
<div class="promo-countdown -lessThan48">

<i class="icon -lessThan48">
<svg xmlns="http://www.w3.org/2000/svg"
xmlns:xlink="http://www.w3.org/1999/xlink" width="22"
height="22" viewBox="0 0 22 22">
<defs>
<path id="ywjka"
d="M216.5 21a9.5 9.5 0 1 1-19 0 9.5 9.5 0 0 1 19 0z"/>
<path id="ywjkb" d="M207 14.5v7h-5"/>
</defs>
<g>
<g transform="translate(-196 -10)">
<use fill="#fff" fill-opacity="0" stroke="#fff"
stroke-miterlimit="50"
stroke-width="1.2" xlink:href="#ywjka"/>
</g>
<g transform="translate(-196 -10)">
<use fill="#fff" fill-opacity="0" stroke="#fff"
stroke-miterlimit="50"
stroke-width="1.2" xlink:href="#ywjkb"/>
</g>
</g>
</svg>
</i>

<i class="icon normal">
<svg xmlns="http://www.w3.org/2000/svg"
xmlns:xlink="http://www.w3.org/1999/xlink" width="22"
height="22" viewBox="0 0 22 22">
<defs>
<path id="ywjka"
d="M216.5 21a9.5 9.5 0 1 1-19 0 9.5 9.5 0 0 1 19 0z"/>
<path id="ywjkb" d="M207 14.5v7h-5"/>
</defs>
<g>
<g transform="translate(-196 -10)">
<use fill="#00539F" fill-opacity="0" stroke="#00539F"
stroke-miterlimit="50"
stroke-width="1.2" xlink:href="#ywjka"/>
</g>
<g transform="translate(-196 -10)">
<use fill="#00539F" fill-opacity="0" stroke="#00539F"
stroke-miterlimit="50"
stroke-width="1.2" xlink:href="#ywjkb"/>
</g>
</g>
</svg>
</i>

<div class="promo-countdown-wrapper">
<p>Zľava končí</p>
<b data-countdown="2023/01/01 0:00:00"
data-count-down-dur-locale="&quot;{\&quot;S\&quot;:\&quot;m\&quot;,\&quot;SS\&quot;:\&quot;m\&quot;,\&quot;s\&quot;:\&quot;d\&quot;,\&quot;ss\&quot;:\&quot;s\&quot;,\&quot;m\&quot;:\&quot;m\&quot;,\&quot;mm\&quot;:\&quot;m\&quot;,\&quot;h\&quot;:\&quot;h\&quot;,\&quot;hh\&quot;:\&quot;h\&quot;,\&quot;d\&quot;:\&quot;d\&quot;,\&quot;dd\&quot;:\&quot;d\&quot;,\&quot;w\&quot;:\&quot;t\&quot;,\&quot;ww\&quot;:\&quot;t\&quot;,\&quot;M\&quot;:\&quot;m\&quot;,\&quot;MM\&quot;:\&quot;m\&quot;,\&quot;y\&quot;:\&quot;r\&quot;,\&quot;yy\&quot;:\&quot;l\&quot;}&quot;"></b>
</div>
</div>
</div>
<a href="/akciove-ponuky/akciove-produkty/produkt/napoje/caje/lipton-darcekova-doza/"
class="details-box" tabindex="0">
<div class="product__inner cc-tier2-higher-than-10-prod-blue-border">

<div class="product__info-wrapper">
<span class="product__name">Lipton darčeková dóza</span>
<div class="product__secondary-text">
<div>
40 ks, 71 g                            </div>
<span>Pôvodná cena:</span>
<span class="product__price-text">15,99
(1 kg=225,21 €)                </span>
<div class="product__price-cc-text">
<span>s Clubcard:</span>
</div>
<span class="product__price-cc-text">12,79</span>
(1 kg=180,14 €)        </div>
<div class="product__discount-percentage">
<div class="product__discount-normal-price">
15,99
</div>
<div class="discount-percentage__text">
<span>
-20
<span class="discount__percentage-sign">%</span>
</span>
</div>
</div>
<div class="product__price-wrapper-outer-box">
<div class="product__price-wrapper">
<div class="product__price ">
<span class="price__left-part">
12,79
</span>
</div>
<div class="product__cc-price-text">
Clubcard ceny
</div>
</div>
</div>
</div>
<div class="product__img-wrapper">
<div class="product__img-holder">
<img data-src="/img/opt/tescoce_sk/products/2022-12-14/png/lipton-2002020057462-1-5k.png" src="/img/lq/tescoce_sk/products/2022-12-14/png/lipton-2002020057462-1-5k.png" alt="Lipton darčeková dóza"//><noscript><img src="/img/opt/tescoce_sk/products/2022-12-14/png/lipton-2002020057462-1-5k.png" alt="Lipton darčeková dóza"//></noscript>
</div>
<img
class="country-flag"
src=""
alt=""
/>
</div>
</div>                                                            </a>
<div class="shopping-list-parts">
<div class="add-button">
<i class="icon">
<svg viewBox="0 0 24 24" width="100%" height="100%">
<line x1="3" y1="12" x2="21" y2="12"></line>
<line x1="12" y1="3" x2="12" y2="21"></line>
</svg>
</i>
<div class="add-text ddl_link_inline address addtoshoppinglist">
<div>
<span class="label_wrapper">
<span class="label">Pridať do zoznamu</span>
</span>
</div>
</div>
<span class="added-text">Pridané do <a
href="/akciove-ponuky/nakupny-zoznam/"
title="zoznamu"
target="_blank">zoznamu</a></span>
</div>
<div class="add-item">
<div class="add-item__inner">
<div class="newddl-text-field newddl-quantity qty_div">
<div class="newddl-button blue icon-bg standalone search-icon no-float less-button disabled">
<i class="icon">
<svg viewBox="0 0 24 8" width="100%" height="100%">
<line x1="3" y1="4" x2="21" y2="4"></line>
</svg>
</i>
</div>
<input type="text" class="newddl-quantity-input qty" value="1" min="1"
tabindex="0">
<div class="newddl-button blue icon-bg standalone search-icon no-float more-button">
<i class="icon">
<svg viewBox="0 0 24 24" width="100%" height="100%">
<line x1="3" y1="12" x2="21" y2="12"></line>
<line x1="12" y1="3" x2="12" y2="21"></line>
</svg>
</i>
</div>
</div>
<div class="newddl-button blue secondary no-float no-icon min-width accept-button add_to_basket"
onclick="addToBasket(this)"
data-template="/akciove-ponuky/nakupny-zoznam"
data-prod_id="1211282">
<span class="link-label">
Pridať do zoznamu                                              </span>
</div>
<div class="cancel-link"><a href="#cancel"
title="Zrušiť"
tabindex="0">Zrušiť</a>
</div>
</div>
</div>
<div class="added-item" style="">
<p class="t2 nddl">Pridané do <a
href="/akciove-ponuky/nakupny-zoznam/"
title="zoznamu"
target="_blank"
tabindex="0">zoznamu</a>
</p>
<a href="/akciove-ponuky/nakupny-zoznam/"
class="newddl-button blue secondary no-float no-icon min-width edit-button"
title="Upraviť zoznam" target="_blank"
tabindex="0">
<span class="link-label">Upraviť zoznam</span>
</a>
</div>
</div>
</div>

</div>
<div class="a-productListing__productsGrid__element">
<div class="ddl-product-lol  xEqHeights soon-expire"
title="Lipton Ice Tea">
<div class="status-bar cf">
<div class="promo-countdown">

<i class="icon -lessThan48">
<svg xmlns="http://www.w3.org/2000/svg"
xmlns:xlink="http://www.w3.org/1999/xlink" width="22"
height="22" viewBox="0 0 22 22">
<defs>
<path id="ywjka"
d="M216.5 21a9.5 9.5 0 1 1-19 0 9.5 9.5 0 0 1 19 0z"/>
<path id="ywjkb" d="M207 14.5v7h-5"/>
</defs>
<g>
<g transform="translate(-196 -10)">
<use fill="#fff" fill-opacity="0" stroke="#fff"
stroke-miterlimit="50"
stroke-width="1.2" xlink:href="#ywjka"/>
</g>
<g transform="translate(-196 -10)">
<use fill="#fff" fill-opacity="0" stroke="#fff"
stroke-miterlimit="50"
stroke-width="1.2" xlink:href="#ywjkb"/>
</g>
</g>
</svg>
</i>

<i class="icon normal">
<svg xmlns="http://www.w3.org/2000/svg"
xmlns:xlink="http://www.w3.org/1999/xlink" width="22"
height="22" viewBox="0 0 22 22">
<defs>
<path id="ywjka"
d="M216.5 21a9.5 9.5 0 1 1-19 0 9.5 9.5 0 0 1 19 0z"/>
<path id="ywjkb" d="M207 14.5v7h-5"/>
</defs>
<g>
<g transform="translate(-196 -10)">
<use fill="#00539F" fill-opacity="0" stroke="#00539F"
stroke-miterlimit="50"
stroke-width="1.2" xlink:href="#ywjka"/>
</g>
<g transform="translate(-196 -10)">
<use fill="#00539F" fill-opacity="0" stroke="#00539F"
stroke-miterlimit="50"
stroke-width="1.2" xlink:href="#ywjkb"/>
</g>
</g>
</svg>
</i>

<div class="promo-countdown-wrapper">
<p>Zľava končí</p>
<b data-countdown="2023/01/04 0:00:00"
data-count-down-dur-locale="&quot;{\&quot;S\&quot;:\&quot;m\&quot;,\&quot;SS\&quot;:\&quot;m\&quot;,\&quot;s\&quot;:\&quot;d\&quot;,\&quot;ss\&quot;:\&quot;s\&quot;,\&quot;m\&quot;:\&quot;m\&quot;,\&quot;mm\&quot;:\&quot;m\&quot;,\&quot;h\&quot;:\&quot;h\&quot;,\&quot;hh\&quot;:\&quot;h\&quot;,\&quot;d\&quot;:\&quot;d\&quot;,\&quot;dd\&quot;:\&quot;d\&quot;,\&quot;w\&quot;:\&quot;t\&quot;,\&quot;ww\&quot;:\&quot;t\&quot;,\&quot;M\&quot;:\&quot;m\&quot;,\&quot;MM\&quot;:\&quot;m\&quot;,\&quot;y\&quot;:\&quot;r\&quot;,\&quot;yy\&quot;:\&quot;l\&quot;}&quot;"></b>
</div>
</div>
</div>
<a href="/akciove-ponuky/akciove-produkty/produkt/napoje/nealkoholicke-napoje/lipton-ice-tea/"
class="details-box" tabindex="0">
<div class="product__inner cc-tier2-higher-than-10-prod-blue-border">

<div class="product__info-wrapper">
<span class="product__name">Lipton Ice Tea</span>
<div class="product__secondary-text">
<div>
viac druhov, 1,5 l. 
Záloha za vratný 
obal 0,15                            </div>
<span>Pôvodná cena:</span>
<span class="product__price-text">1,49
(1 l=0,99 €)                </span>
<div class="product__price-cc-text">
<span>s Clubcard:</span>
</div>
<span class="product__price-cc-text">1,05</span>
(1 l=0,70 €)        </div>
<div class="product__discount-percentage">
<div class="product__discount-normal-price">
1,49
</div>
<div class="discount-percentage__text">
<span>
-29
<span class="discount__percentage-sign">%</span>
</span>
</div>
</div>
<div class="product__price-wrapper-outer-box">
<div class="product__price-wrapper">
<div class="product__price ">
<span class="price__left-part">
1,05
</span>
</div>
<div class="product__cc-price-text">
Clubcard ceny
</div>
</div>
</div>
</div>
<div class="product__img-wrapper">
<div class="product__img-holder">
<img data-src="/img/opt/tescoce_sk/products/2022-12-28/png/lipton-ice-tea-2002121560569-1-5k.png" src="/img/lq/tescoce_sk/products/2022-12-28/png/lipton-ice-tea-2002121560569-1-5k.png" alt="Lipton Ice Tea"//><noscript><img src="/img/opt/tescoce_sk/products/2022-12-28/png/lipton-ice-tea-2002121560569-1-5k.png" alt="Lipton Ice Tea"//></noscript>
</div>
<img
class="country-flag"
src=""
alt=""
/>
</div>
</div>                                                            </a>
<div class="shopping-list-parts">
<div class="add-button">
<i class="icon">
<svg viewBox="0 0 24 24" width="100%" height="100%">
<line x1="3" y1="12" x2="21" y2="12"></line>
<line x1="12" y1="3" x2="12" y2="21"></line>
</svg>
</i>
<div class="add-text ddl_link_inline address addtoshoppinglist">
<div>
<span class="label_wrapper">
<span class="label">Pridať do zoznamu</span>
</span>
</div>
</div>
<span class="added-text">Pridané do <a
href="/akciove-ponuky/nakupny-zoznam/"
title="zoznamu"
target="_blank">zoznamu</a></span>
</div>
<div class="add-item">
<div class="add-item__inner">
<div class="newddl-text-field newddl-quantity qty_div">
<div class="newddl-button blue icon-bg standalone search-icon no-float less-button disabled">
<i class="icon">
<svg viewBox="0 0 24 8" width="100%" height="100%">
<line x1="3" y1="4" x2="21" y2="4"></line>
</svg>
</i>
</div>
<input type="text" class="newddl-quantity-input qty" value="1" min="1"
tabindex="0">
<div class="newddl-button blue icon-bg standalone search-icon no-float more-button">
<i class="icon">
<svg viewBox="0 0 24 24" width="100%" height="100%">
<line x1="3" y1="12" x2="21" y2="12"></line>
<line x1="12" y1="3" x2="12" y2="21"></line>
</svg>
</i>
</div>
</div>
<div class="newddl-button blue secondary no-float no-icon min-width accept-button add_to_basket"
onclick="addToBasket(this)"
data-template="/akciove-ponuky/nakupny-zoznam"
data-prod_id="1217232">
<span class="link-label">
Pridať do zoznamu                                              </span>
</div>
<div class="cancel-link"><a href="#cancel"
title="Zrušiť"
tabindex="0">Zrušiť</a>
</div>
</div>
</div>
<div class="added-item" style="">
<p class="t2 nddl">Pridané do <a
href="/akciove-ponuky/nakupny-zoznam/"
title="zoznamu"
target="_blank"
tabindex="0">zoznamu</a>
</p>
<a href="/akciove-ponuky/nakupny-zoznam/"
class="newddl-button blue secondary no-float no-icon min-width edit-button"
title="Upraviť zoznam" target="_blank"
tabindex="0">
<span class="link-label">Upraviť zoznam</span>
</a>
</div>
</div>
</div>

</div>
<div class="a-productListing__productsGrid__element">
<div class="ddl-product-lol  xEqHeights soon-expire"
title="Loyd jahodová lúka čaj">
<div class="status-bar cf">
<div class="hovershowtooltip">
<div class="inner">
Ponuka je platná do 31.12.2022.
</div>
<div class="arrow-container">
<div class="arrow-down"></div>
<div class="arrow-down-fg"></div>
</div>
</div>
<a href="https://potravinydomov.itesco.sk/groceries/sk-SK/products/2002020304536"
class="newddl-button left transparent ghs-link"
tabindex="0" target="_blank">
<i class="icon">
<svg xmlns="http://www.w3.org/2000/svg"
xmlns:xlink="http://www.w3.org/1999/xlink"
style="width: 20px !important" height="13" viewBox="0 0 23 13">
<defs>
<path id="clxfa"
d="M33.33 21.44c.44.1.67.38.67.8v3.1c0 .47-.38.84-.84.84h-.9a2.2 2.2 0 0 1-2.18 1.8 2.2 2.2 0 0 1-2.17-1.8h-7.9a2.22 2.22 0 0 1-2.2 1.82c-1.1 0-2-.79-2.19-1.82h-1.66c-.97 0-1.15-.92-1.25-1.41l-1.04-4.25-.41-.27a.3.3 0 0 1-.14-.23L11 18.73c0-.84.66-1.5 1.48-1.5h2.3l-.14.15a.46.46 0 0 0 0 .66.47.47 0 0 0 .66 0l.8-.8h.01l2.11-2.1c.14-.14.41-.19.58-.09.15.09.24.24.24.4 0 .13-.05.24-.14.33l-1.47 1.46h4.39l-1.47-1.46a.46.46 0 0 1 .1-.73c.17-.1.43-.05.57.1L24 18.08c.08.06.18.1.28.1.17 0 .32-.09.4-.24.1-.17.05-.43-.09-.57l-.14-.14h2.31c.77 0 1.39.57 1.47 1.3h1.75c.22 0 .8 0 1.03.71l.8 1.94zM28.7 25.8c0 .75.62 1.36 1.37 1.36.86 0 1.54-.77 1.35-1.65-.1-.52-.53-.93-1.05-1.04a1.38 1.38 0 0 0-1.67 1.33zm-2.17-1c-.05.23-.12.44-.22.63h1.6a2.2 2.2 0 0 1 2.16-1.81c1.09 0 2 .76 2.18 1.8h.9c.04 0 .07-.03.07-.06v-3.11-.04l-.06-.01-1.7-.28a.39.39 0 0 1-.3-.23l-.9-2.2c-.05-.16-.08-.17-.29-.17h-1.77-.02l-.06.71a.3.3 0 0 1-.14.23l-.41.27zm-8.25-4.07a.42.42 0 0 0-.42.43l.29 2.69a.42.42 0 1 0 .83-.02l-.28-2.69a.42.42 0 0 0-.42-.4zm-3 3.15c.02.21.2.38.41.38h.04a.42.42 0 0 0 .38-.46l-.43-2.69a.41.41 0 0 0-.45-.38.42.42 0 0 0-.38.46zm2.53 3.27c.61 0 1.13-.4 1.3-.96h-2.6c.16.56.68.96 1.3.96zm4.11-6a.42.42 0 0 0-.41-.42.41.41 0 0 0-.42.4l-.28 2.72c0 .22.18.4.41.4.23 0 .42-.18.42-.39zm2.17 3.1c.22 0 .4-.16.42-.36l.43-2.71a.41.41 0 0 0-.38-.45.42.42 0 0 0-.45.37l-.43 2.71c-.01.11.02.22.1.3.07.09.17.14.28.15z"></path>
</defs>
<g>
<g clip-path="url(#clip-72B53A8F-48D2-421E-9EC9-9A8CE7DC52A1)"
transform="translate(-11 -15)">
<use fill="#00549e" stroke="none" xlink:href="#clxfa"></use>
</g>
</g>
</svg>
</i>
<div class="ddl_link_inline address shoponline"
style="display: inline-block; vertical-align: middle;">
<span class="link">
<span class="label_wrapper">
<span class="label">
Kúpiť teraz                                                    </span>
</span>
</span>
</div>
</a>
<div class="promo-countdown -lessThan48">

<i class="icon -lessThan48">
<svg xmlns="http://www.w3.org/2000/svg"
xmlns:xlink="http://www.w3.org/1999/xlink" width="22"
height="22" viewBox="0 0 22 22">
<defs>
<path id="ywjka"
d="M216.5 21a9.5 9.5 0 1 1-19 0 9.5 9.5 0 0 1 19 0z"/>
<path id="ywjkb" d="M207 14.5v7h-5"/>
</defs>
<g>
<g transform="translate(-196 -10)">
<use fill="#fff" fill-opacity="0" stroke="#fff"
stroke-miterlimit="50"
stroke-width="1.2" xlink:href="#ywjka"/>
</g>
<g transform="translate(-196 -10)">
<use fill="#fff" fill-opacity="0" stroke="#fff"
stroke-miterlimit="50"
stroke-width="1.2" xlink:href="#ywjkb"/>
</g>
</g>
</svg>
</i>

<i class="icon normal">
<svg xmlns="http://www.w3.org/2000/svg"
xmlns:xlink="http://www.w3.org/1999/xlink" width="22"
height="22" viewBox="0 0 22 22">
<defs>
<path id="ywjka"
d="M216.5 21a9.5 9.5 0 1 1-19 0 9.5 9.5 0 0 1 19 0z"/>
<path id="ywjkb" d="M207 14.5v7h-5"/>
</defs>
<g>
<g transform="translate(-196 -10)">
<use fill="#00539F" fill-opacity="0" stroke="#00539F"
stroke-miterlimit="50"
stroke-width="1.2" xlink:href="#ywjka"/>
</g>
<g transform="translate(-196 -10)">
<use fill="#00539F" fill-opacity="0" stroke="#00539F"
stroke-miterlimit="50"
stroke-width="1.2" xlink:href="#ywjkb"/>
</g>
</g>
</svg>
</i>

<div class="promo-countdown-wrapper">
<p>Zľava končí</p>
<b data-countdown="2023/01/01 0:00:00"
data-count-down-dur-locale="&quot;{\&quot;S\&quot;:\&quot;m\&quot;,\&quot;SS\&quot;:\&quot;m\&quot;,\&quot;s\&quot;:\&quot;d\&quot;,\&quot;ss\&quot;:\&quot;s\&quot;,\&quot;m\&quot;:\&quot;m\&quot;,\&quot;mm\&quot;:\&quot;m\&quot;,\&quot;h\&quot;:\&quot;h\&quot;,\&quot;hh\&quot;:\&quot;h\&quot;,\&quot;d\&quot;:\&quot;d\&quot;,\&quot;dd\&quot;:\&quot;d\&quot;,\&quot;w\&quot;:\&quot;t\&quot;,\&quot;ww\&quot;:\&quot;t\&quot;,\&quot;M\&quot;:\&quot;m\&quot;,\&quot;MM\&quot;:\&quot;m\&quot;,\&quot;y\&quot;:\&quot;r\&quot;,\&quot;yy\&quot;:\&quot;l\&quot;}&quot;"></b>
</div>
</div>
</div>
<a href="/akciove-ponuky/akciove-produkty/produkt/napoje/caje/loyd-jahodova-luka-caj/"
class="details-box" tabindex="0">
<div class="product__inner cc-tier2-higher-than-10-prod-blue-border">

<div class="product__info-wrapper">
<span class="product__name">Loyd jahodová lúka čaj</span>
<div class="product__secondary-text">
<div>
80 g                            </div>
<span>Pôvodná cena:</span>
<span class="product__price-text">4,29
(1 kg=53,63 €)                </span>
<div class="product__price-cc-text">
<span>s Clubcard:</span>
</div>
<span class="product__price-cc-text">3,39</span>
(1 kg=42,38 €)        </div>
<div class="product__discount-percentage">
<div class="product__discount-normal-price">
4,29
</div>
<div class="discount-percentage__text">
<span>
-20
<span class="discount__percentage-sign">%</span>
</span>
</div>
</div>
<div class="product__price-wrapper-outer-box">
<div class="product__price-wrapper">
<div class="product__price ">
<span class="price__left-part">
3,39
</span>
</div>
<div class="product__cc-price-text">
Clubcard ceny
</div>
</div>
</div>
</div>
<div class="product__img-wrapper">
<div class="product__img-holder">
<img data-src="/img/opt/tescoce_sk/products/2022-12-14/png/loyd-caj-2002020304536-1-5k.png" src="/img/lq/tescoce_sk/products/2022-12-14/png/loyd-caj-2002020304536-1-5k.png" alt="Loyd jahodová lúka čaj"//><noscript><img src="/img/opt/tescoce_sk/products/2022-12-14/png/loyd-caj-2002020304536-1-5k.png" alt="Loyd jahodová lúka čaj"//></noscript>
</div>
<img
class="country-flag"
src=""
alt=""
/>
</div>
</div>                                                            </a>
<div class="shopping-list-parts">
<div class="add-button">
<i class="icon">
<svg viewBox="0 0 24 24" width="100%" height="100%">
<line x1="3" y1="12" x2="21" y2="12"></line>
<line x1="12" y1="3" x2="12" y2="21"></line>
</svg>
</i>
<div class="add-text ddl_link_inline address addtoshoppinglist">
<div>
<span class="label_wrapper">
<span class="label">Pridať do zoznamu</span>
</span>
</div>
</div>
<span class="added-text">Pridané do <a
href="/akciove-ponuky/nakupny-zoznam/"
title="zoznamu"
target="_blank">zoznamu</a></span>
</div>
<div class="add-item">
<div class="add-item__inner">
<div class="newddl-text-field newddl-quantity qty_div">
<div class="newddl-button blue icon-bg standalone search-icon no-float less-button disabled">
<i class="icon">
<svg viewBox="0 0 24 8" width="100%" height="100%">
<line x1="3" y1="4" x2="21" y2="4"></line>
</svg>
</i>
</div>
<input type="text" class="newddl-quantity-input qty" value="1" min="1"
tabindex="0">
<div class="newddl-button blue icon-bg standalone search-icon no-float more-button">
<i class="icon">
<svg viewBox="0 0 24 24" width="100%" height="100%">
<line x1="3" y1="12" x2="21" y2="12"></line>
<line x1="12" y1="3" x2="12" y2="21"></line>
</svg>
</i>
</div>
</div>
<div class="newddl-button blue secondary no-float no-icon min-width accept-button add_to_basket"
onclick="addToBasket(this)"
data-template="/akciove-ponuky/nakupny-zoznam"
data-prod_id="1211312">
<span class="link-label">
Pridať do zoznamu                                              </span>
</div>
<div class="cancel-link"><a href="#cancel"
title="Zrušiť"
tabindex="0">Zrušiť</a>
</div>
</div>
</div>
<div class="added-item" style="">
<p class="t2 nddl">Pridané do <a
href="/akciove-ponuky/nakupny-zoznam/"
title="zoznamu"
target="_blank"
tabindex="0">zoznamu</a>
</p>
<a href="/akciove-ponuky/nakupny-zoznam/"
class="newddl-button blue secondary no-float no-icon min-width edit-button"
title="Upraviť zoznam" target="_blank"
tabindex="0">
<span class="link-label">Upraviť zoznam</span>
</a>
</div>
</div>
</div>

</div>
<div class="a-productListing__productsGrid__element">
<div class="ddl-product-lol  xEqHeights soon-expire"
title="Lucka pramenitá voda">
<div class="status-bar cf">
<div class="hovershowtooltip">
<div class="inner">
Ponuka je platná do 10.01.2023.
</div>
<div class="arrow-container">
<div class="arrow-down"></div>
<div class="arrow-down-fg"></div>
</div>
</div>
<a href="https://potravinydomov.itesco.sk/groceries/sk-SK/products/2002121558043"
class="newddl-button left transparent ghs-link"
tabindex="0" target="_blank">
<i class="icon">
<svg xmlns="http://www.w3.org/2000/svg"
xmlns:xlink="http://www.w3.org/1999/xlink"
style="width: 20px !important" height="13" viewBox="0 0 23 13">
<defs>
<path id="clxfa"
d="M33.33 21.44c.44.1.67.38.67.8v3.1c0 .47-.38.84-.84.84h-.9a2.2 2.2 0 0 1-2.18 1.8 2.2 2.2 0 0 1-2.17-1.8h-7.9a2.22 2.22 0 0 1-2.2 1.82c-1.1 0-2-.79-2.19-1.82h-1.66c-.97 0-1.15-.92-1.25-1.41l-1.04-4.25-.41-.27a.3.3 0 0 1-.14-.23L11 18.73c0-.84.66-1.5 1.48-1.5h2.3l-.14.15a.46.46 0 0 0 0 .66.47.47 0 0 0 .66 0l.8-.8h.01l2.11-2.1c.14-.14.41-.19.58-.09.15.09.24.24.24.4 0 .13-.05.24-.14.33l-1.47 1.46h4.39l-1.47-1.46a.46.46 0 0 1 .1-.73c.17-.1.43-.05.57.1L24 18.08c.08.06.18.1.28.1.17 0 .32-.09.4-.24.1-.17.05-.43-.09-.57l-.14-.14h2.31c.77 0 1.39.57 1.47 1.3h1.75c.22 0 .8 0 1.03.71l.8 1.94zM28.7 25.8c0 .75.62 1.36 1.37 1.36.86 0 1.54-.77 1.35-1.65-.1-.52-.53-.93-1.05-1.04a1.38 1.38 0 0 0-1.67 1.33zm-2.17-1c-.05.23-.12.44-.22.63h1.6a2.2 2.2 0 0 1 2.16-1.81c1.09 0 2 .76 2.18 1.8h.9c.04 0 .07-.03.07-.06v-3.11-.04l-.06-.01-1.7-.28a.39.39 0 0 1-.3-.23l-.9-2.2c-.05-.16-.08-.17-.29-.17h-1.77-.02l-.06.71a.3.3 0 0 1-.14.23l-.41.27zm-8.25-4.07a.42.42 0 0 0-.42.43l.29 2.69a.42.42 0 1 0 .83-.02l-.28-2.69a.42.42 0 0 0-.42-.4zm-3 3.15c.02.21.2.38.41.38h.04a.42.42 0 0 0 .38-.46l-.43-2.69a.41.41 0 0 0-.45-.38.42.42 0 0 0-.38.46zm2.53 3.27c.61 0 1.13-.4 1.3-.96h-2.6c.16.56.68.96 1.3.96zm4.11-6a.42.42 0 0 0-.41-.42.41.41 0 0 0-.42.4l-.28 2.72c0 .22.18.4.41.4.23 0 .42-.18.42-.39zm2.17 3.1c.22 0 .4-.16.42-.36l.43-2.71a.41.41 0 0 0-.38-.45.42.42 0 0 0-.45.37l-.43 2.71c-.01.11.02.22.1.3.07.09.17.14.28.15z"></path>
</defs>
<g>
<g clip-path="url(#clip-72B53A8F-48D2-421E-9EC9-9A8CE7DC52A1)"
transform="translate(-11 -15)">
<use fill="#00549e" stroke="none" xlink:href="#clxfa"></use>
</g>
</g>
</svg>
</i>
<div class="ddl_link_inline address shoponline"
style="display: inline-block; vertical-align: middle;">
<span class="link">
<span class="label_wrapper">
<span class="label">
Kúpiť teraz                                                    </span>
</span>
</span>
</div>
</a>
<div class="promo-countdown">

<i class="icon -lessThan48">
<svg xmlns="http://www.w3.org/2000/svg"
xmlns:xlink="http://www.w3.org/1999/xlink" width="22"
height="22" viewBox="0 0 22 22">
<defs>
<path id="ywjka"
d="M216.5 21a9.5 9.5 0 1 1-19 0 9.5 9.5 0 0 1 19 0z"/>
<path id="ywjkb" d="M207 14.5v7h-5"/>
</defs>
<g>
<g transform="translate(-196 -10)">
<use fill="#fff" fill-opacity="0" stroke="#fff"
stroke-miterlimit="50"
stroke-width="1.2" xlink:href="#ywjka"/>
</g>
<g transform="translate(-196 -10)">
<use fill="#fff" fill-opacity="0" stroke="#fff"
stroke-miterlimit="50"
stroke-width="1.2" xlink:href="#ywjkb"/>
</g>
</g>
</svg>
</i>

<i class="icon normal">
<svg xmlns="http://www.w3.org/2000/svg"
xmlns:xlink="http://www.w3.org/1999/xlink" width="22"
height="22" viewBox="0 0 22 22">
<defs>
<path id="ywjka"
d="M216.5 21a9.5 9.5 0 1 1-19 0 9.5 9.5 0 0 1 19 0z"/>
<path id="ywjkb" d="M207 14.5v7h-5"/>
</defs>
<g>
<g transform="translate(-196 -10)">
<use fill="#00539F" fill-opacity="0" stroke="#00539F"
stroke-miterlimit="50"
stroke-width="1.2" xlink:href="#ywjka"/>
</g>
<g transform="translate(-196 -10)">
<use fill="#00539F" fill-opacity="0" stroke="#00539F"
stroke-miterlimit="50"
stroke-width="1.2" xlink:href="#ywjkb"/>
</g>
</g>
</svg>
</i>

<div class="promo-countdown-wrapper">
<p>Zľava končí</p>
<b data-countdown="2023/01/11 0:00:00"
data-count-down-dur-locale="&quot;{\&quot;S\&quot;:\&quot;m\&quot;,\&quot;SS\&quot;:\&quot;m\&quot;,\&quot;s\&quot;:\&quot;d\&quot;,\&quot;ss\&quot;:\&quot;s\&quot;,\&quot;m\&quot;:\&quot;m\&quot;,\&quot;mm\&quot;:\&quot;m\&quot;,\&quot;h\&quot;:\&quot;h\&quot;,\&quot;hh\&quot;:\&quot;h\&quot;,\&quot;d\&quot;:\&quot;d\&quot;,\&quot;dd\&quot;:\&quot;d\&quot;,\&quot;w\&quot;:\&quot;t\&quot;,\&quot;ww\&quot;:\&quot;t\&quot;,\&quot;M\&quot;:\&quot;m\&quot;,\&quot;MM\&quot;:\&quot;m\&quot;,\&quot;y\&quot;:\&quot;r\&quot;,\&quot;yy\&quot;:\&quot;l\&quot;}&quot;"></b>
</div>
</div>
</div>
<a href="/akciove-ponuky/akciove-produkty/produkt/napoje/mineralne-a-stolove-vody/lucka-pramenita-voda/"
class="details-box" tabindex="0">
<div class="product__inner cc-tier2-higher-than-10-prod-blue-border">

<div class="product__info-wrapper">
<span class="product__name">Lucka pramenitá voda</span>
<div class="product__secondary-text">
<div>
dojčenská, 1,5 l                            </div>
<span>Pôvodná cena:</span>
<span class="product__price-text">0,69
(1 l=0,46 €)                </span>
<div class="product__price-cc-text">
<span>s Clubcard:</span>
</div>
<span class="product__price-cc-text">0,49</span>
(1 l=0,33 €)        </div>
<div class="product__discount-percentage">
<div class="product__discount-normal-price">
0,69
</div>
<div class="discount-percentage__text">
<span>
-28
<span class="discount__percentage-sign">%</span>
</span>
</div>
</div>
<div class="product__price-wrapper-outer-box">
<div class="product__price-wrapper">
<div class="product__price ">
<span class="price__left-part">
0,49
</span>
</div>
<div class="product__cc-price-text">
Clubcard ceny
</div>
</div>
</div>
</div>
<div class="product__img-wrapper">
<div class="product__img-holder">
<img data-src="/img/opt/tescoce_sk/products/2022-12-28/png/lucka-dojcenska-pramenita-voda-2002121558043-1-5k.png" src="/img/lq/tescoce_sk/products/2022-12-28/png/lucka-dojcenska-pramenita-voda-2002121558043-1-5k.png" alt="Lucka pramenitá voda"//><noscript><img src="/img/opt/tescoce_sk/products/2022-12-28/png/lucka-dojcenska-pramenita-voda-2002121558043-1-5k.png" alt="Lucka pramenitá voda"//></noscript>
</div>
<img
class="country-flag"
src="/img/npc/flags/slovak.svg"
alt="szlovák zászló"
/>
</div>
</div>                                                            </a>
<div class="shopping-list-parts">
<div class="add-button">
<i class="icon">
<svg viewBox="0 0 24 24" width="100%" height="100%">
<line x1="3" y1="12" x2="21" y2="12"></line>
<line x1="12" y1="3" x2="12" y2="21"></line>
</svg>
</i>
<div class="add-text ddl_link_inline address addtoshoppinglist">
<div>
<span class="label_wrapper">
<span class="label">Pridať do zoznamu</span>
</span>
</div>
</div>
<span class="added-text">Pridané do <a
href="/akciove-ponuky/nakupny-zoznam/"
title="zoznamu"
target="_blank">zoznamu</a></span>
</div>
<div class="add-item">
<div class="add-item__inner">
<div class="newddl-text-field newddl-quantity qty_div">
<div class="newddl-button blue icon-bg standalone search-icon no-float less-button disabled">
<i class="icon">
<svg viewBox="0 0 24 8" width="100%" height="100%">
<line x1="3" y1="4" x2="21" y2="4"></line>
</svg>
</i>
</div>
<input type="text" class="newddl-quantity-input qty" value="1" min="1"
tabindex="0">
<div class="newddl-button blue icon-bg standalone search-icon no-float more-button">
<i class="icon">
<svg viewBox="0 0 24 24" width="100%" height="100%">
<line x1="3" y1="12" x2="21" y2="12"></line>
<line x1="12" y1="3" x2="12" y2="21"></line>
</svg>
</i>
</div>
</div>
<div class="newddl-button blue secondary no-float no-icon min-width accept-button add_to_basket"
onclick="addToBasket(this)"
data-template="/akciove-ponuky/nakupny-zoznam"
data-prod_id="1215902">
<span class="link-label">
Pridať do zoznamu                                              </span>
</div>
<div class="cancel-link"><a href="#cancel"
title="Zrušiť"
tabindex="0">Zrušiť</a>
</div>
</div>
</div>
<div class="added-item" style="">
<p class="t2 nddl">Pridané do <a
href="/akciove-ponuky/nakupny-zoznam/"
title="zoznamu"
target="_blank"
tabindex="0">zoznamu</a>
</p>
<a href="/akciove-ponuky/nakupny-zoznam/"
class="newddl-button blue secondary no-float no-icon min-width edit-button"
title="Upraviť zoznam" target="_blank"
tabindex="0">
<span class="link-label">Upraviť zoznam</span>
</a>
</div>
</div>
</div>

</div>
<div class="a-productListing__productsGrid__element">
<div class="ddl-product-lol  xEqHeights soon-expire"
title="Marsen marhuľovica 42%">
<div class="status-bar cf">
<div class="hovershowtooltip">
<div class="inner">
Ponuka je platná do 31.12.2022.
</div>
<div class="arrow-container">
<div class="arrow-down"></div>
<div class="arrow-down-fg"></div>
</div>
</div>
<a href="https://potravinydomov.itesco.sk/groceries/sk-SK/products/2002020324686"
class="newddl-button left transparent ghs-link"
tabindex="0" target="_blank">
<i class="icon">
<svg xmlns="http://www.w3.org/2000/svg"
xmlns:xlink="http://www.w3.org/1999/xlink"
style="width: 20px !important" height="13" viewBox="0 0 23 13">
<defs>
<path id="clxfa"
d="M33.33 21.44c.44.1.67.38.67.8v3.1c0 .47-.38.84-.84.84h-.9a2.2 2.2 0 0 1-2.18 1.8 2.2 2.2 0 0 1-2.17-1.8h-7.9a2.22 2.22 0 0 1-2.2 1.82c-1.1 0-2-.79-2.19-1.82h-1.66c-.97 0-1.15-.92-1.25-1.41l-1.04-4.25-.41-.27a.3.3 0 0 1-.14-.23L11 18.73c0-.84.66-1.5 1.48-1.5h2.3l-.14.15a.46.46 0 0 0 0 .66.47.47 0 0 0 .66 0l.8-.8h.01l2.11-2.1c.14-.14.41-.19.58-.09.15.09.24.24.24.4 0 .13-.05.24-.14.33l-1.47 1.46h4.39l-1.47-1.46a.46.46 0 0 1 .1-.73c.17-.1.43-.05.57.1L24 18.08c.08.06.18.1.28.1.17 0 .32-.09.4-.24.1-.17.05-.43-.09-.57l-.14-.14h2.31c.77 0 1.39.57 1.47 1.3h1.75c.22 0 .8 0 1.03.71l.8 1.94zM28.7 25.8c0 .75.62 1.36 1.37 1.36.86 0 1.54-.77 1.35-1.65-.1-.52-.53-.93-1.05-1.04a1.38 1.38 0 0 0-1.67 1.33zm-2.17-1c-.05.23-.12.44-.22.63h1.6a2.2 2.2 0 0 1 2.16-1.81c1.09 0 2 .76 2.18 1.8h.9c.04 0 .07-.03.07-.06v-3.11-.04l-.06-.01-1.7-.28a.39.39 0 0 1-.3-.23l-.9-2.2c-.05-.16-.08-.17-.29-.17h-1.77-.02l-.06.71a.3.3 0 0 1-.14.23l-.41.27zm-8.25-4.07a.42.42 0 0 0-.42.43l.29 2.69a.42.42 0 1 0 .83-.02l-.28-2.69a.42.42 0 0 0-.42-.4zm-3 3.15c.02.21.2.38.41.38h.04a.42.42 0 0 0 .38-.46l-.43-2.69a.41.41 0 0 0-.45-.38.42.42 0 0 0-.38.46zm2.53 3.27c.61 0 1.13-.4 1.3-.96h-2.6c.16.56.68.96 1.3.96zm4.11-6a.42.42 0 0 0-.41-.42.41.41 0 0 0-.42.4l-.28 2.72c0 .22.18.4.41.4.23 0 .42-.18.42-.39zm2.17 3.1c.22 0 .4-.16.42-.36l.43-2.71a.41.41 0 0 0-.38-.45.42.42 0 0 0-.45.37l-.43 2.71c-.01.11.02.22.1.3.07.09.17.14.28.15z"></path>
</defs>
<g>
<g clip-path="url(#clip-72B53A8F-48D2-421E-9EC9-9A8CE7DC52A1)"
transform="translate(-11 -15)">
<use fill="#00549e" stroke="none" xlink:href="#clxfa"></use>
</g>
</g>
</svg>
</i>
<div class="ddl_link_inline address shoponline"
style="display: inline-block; vertical-align: middle;">
<span class="link">
<span class="label_wrapper">
<span class="label">
Kúpiť teraz                                                    </span>
</span>
</span>
</div>
</a>
<div class="promo-countdown -lessThan48">

<i class="icon -lessThan48">
<svg xmlns="http://www.w3.org/2000/svg"
xmlns:xlink="http://www.w3.org/1999/xlink" width="22"
height="22" viewBox="0 0 22 22">
<defs>
<path id="ywjka"
d="M216.5 21a9.5 9.5 0 1 1-19 0 9.5 9.5 0 0 1 19 0z"/>
<path id="ywjkb" d="M207 14.5v7h-5"/>
</defs>
<g>
<g transform="translate(-196 -10)">
<use fill="#fff" fill-opacity="0" stroke="#fff"
stroke-miterlimit="50"
stroke-width="1.2" xlink:href="#ywjka"/>
</g>
<g transform="translate(-196 -10)">
<use fill="#fff" fill-opacity="0" stroke="#fff"
stroke-miterlimit="50"
stroke-width="1.2" xlink:href="#ywjkb"/>
</g>
</g>
</svg>
</i>

<i class="icon normal">
<svg xmlns="http://www.w3.org/2000/svg"
xmlns:xlink="http://www.w3.org/1999/xlink" width="22"
height="22" viewBox="0 0 22 22">
<defs>
<path id="ywjka"
d="M216.5 21a9.5 9.5 0 1 1-19 0 9.5 9.5 0 0 1 19 0z"/>
<path id="ywjkb" d="M207 14.5v7h-5"/>
</defs>
<g>
<g transform="translate(-196 -10)">
<use fill="#00539F" fill-opacity="0" stroke="#00539F"
stroke-miterlimit="50"
stroke-width="1.2" xlink:href="#ywjka"/>
</g>
<g transform="translate(-196 -10)">
<use fill="#00539F" fill-opacity="0" stroke="#00539F"
stroke-miterlimit="50"
stroke-width="1.2" xlink:href="#ywjkb"/>
</g>
</g>
</svg>
</i>

<div class="promo-countdown-wrapper">
<p>Zľava končí</p>
<b data-countdown="2023/01/01 0:00:00"
data-count-down-dur-locale="&quot;{\&quot;S\&quot;:\&quot;m\&quot;,\&quot;SS\&quot;:\&quot;m\&quot;,\&quot;s\&quot;:\&quot;d\&quot;,\&quot;ss\&quot;:\&quot;s\&quot;,\&quot;m\&quot;:\&quot;m\&quot;,\&quot;mm\&quot;:\&quot;m\&quot;,\&quot;h\&quot;:\&quot;h\&quot;,\&quot;hh\&quot;:\&quot;h\&quot;,\&quot;d\&quot;:\&quot;d\&quot;,\&quot;dd\&quot;:\&quot;d\&quot;,\&quot;w\&quot;:\&quot;t\&quot;,\&quot;ww\&quot;:\&quot;t\&quot;,\&quot;M\&quot;:\&quot;m\&quot;,\&quot;MM\&quot;:\&quot;m\&quot;,\&quot;y\&quot;:\&quot;r\&quot;,\&quot;yy\&quot;:\&quot;l\&quot;}&quot;"></b>
</div>
</div>
</div>
<a href="/akciove-ponuky/akciove-produkty/produkt/napoje/liehoviny-a-likery/marsen-marhulovica-42/"
class="details-box" tabindex="0">
<div class="product__inner cc-tier2-higher-than-10-prod-blue-border">

<div class="product__info-wrapper">
<span class="product__name">Marsen marhuľovica 42%</span>
<div class="product__secondary-text">
<div>
0,5 l + pohár                            </div>
<span>Pôvodná cena:</span>
<span class="product__price-text">27,99
(1 l=55,98 €)                </span>
<div class="product__price-cc-text">
<span>s Clubcard:</span>
</div>
<span class="product__price-cc-text">22,39</span>
(1 l=44,78 €)        </div>
<div class="product__discount-percentage">
<div class="product__discount-normal-price">
27,99
</div>
<div class="discount-percentage__text">
<span>
-20
<span class="discount__percentage-sign">%</span>
</span>
</div>
</div>
<div class="product__price-wrapper-outer-box">
<div class="product__price-wrapper">
<div class="product__price ">
<span class="price__left-part">
22,39
</span>
</div>
<div class="product__cc-price-text">
Clubcard ceny
</div>
</div>
</div>
</div>
<div class="product__img-wrapper">
<div class="product__img-holder">
<img data-src="/img/opt/tescoce_sk/products/2022-12-14/png/marsen-2002020324686-1-5k.png" src="/img/lq/tescoce_sk/products/2022-12-14/png/marsen-2002020324686-1-5k.png" alt="Marsen marhuľovica 42%"//><noscript><img src="/img/opt/tescoce_sk/products/2022-12-14/png/marsen-2002020324686-1-5k.png" alt="Marsen marhuľovica 42%"//></noscript>
</div>
<img
class="country-flag"
src="/img/npc/flags/slovak.svg"
alt="szlovák zászló"
/>
</div>
</div>                                                            </a>
<div class="shopping-list-parts">
<div class="add-button">
<i class="icon">
<svg viewBox="0 0 24 24" width="100%" height="100%">
<line x1="3" y1="12" x2="21" y2="12"></line>
<line x1="12" y1="3" x2="12" y2="21"></line>
</svg>
</i>
<div class="add-text ddl_link_inline address addtoshoppinglist">
<div>
<span class="label_wrapper">
<span class="label">Pridať do zoznamu</span>
</span>
</div>
</div>
<span class="added-text">Pridané do <a
href="/akciove-ponuky/nakupny-zoznam/"
title="zoznamu"
target="_blank">zoznamu</a></span>
</div>
<div class="add-item">
<div class="add-item__inner">
<div class="newddl-text-field newddl-quantity qty_div">
<div class="newddl-button blue icon-bg standalone search-icon no-float less-button disabled">
<i class="icon">
<svg viewBox="0 0 24 8" width="100%" height="100%">
<line x1="3" y1="4" x2="21" y2="4"></line>
</svg>
</i>
</div>
<input type="text" class="newddl-quantity-input qty" value="1" min="1"
tabindex="0">
<div class="newddl-button blue icon-bg standalone search-icon no-float more-button">
<i class="icon">
<svg viewBox="0 0 24 24" width="100%" height="100%">
<line x1="3" y1="12" x2="21" y2="12"></line>
<line x1="12" y1="3" x2="12" y2="21"></line>
</svg>
</i>
</div>
</div>
<div class="newddl-button blue secondary no-float no-icon min-width accept-button add_to_basket"
onclick="addToBasket(this)"
data-template="/akciove-ponuky/nakupny-zoznam"
data-prod_id="1211352">
<span class="link-label">
Pridať do zoznamu                                              </span>
</div>
<div class="cancel-link"><a href="#cancel"
title="Zrušiť"
tabindex="0">Zrušiť</a>
</div>
</div>
</div>
<div class="added-item" style="">
<p class="t2 nddl">Pridané do <a
href="/akciove-ponuky/nakupny-zoznam/"
title="zoznamu"
target="_blank"
tabindex="0">zoznamu</a>
</p>
<a href="/akciove-ponuky/nakupny-zoznam/"
class="newddl-button blue secondary no-float no-icon min-width edit-button"
title="Upraviť zoznam" target="_blank"
tabindex="0">
<span class="link-label">Upraviť zoznam</span>
</a>
</div>
</div>
</div>

</div>
<div class="a-productListing__productsGrid__element">
<div class="ddl-product-lol  xEqHeights soon-expire"
title="Maruna 45%">
<div class="status-bar cf">
<div class="hovershowtooltip">
<div class="inner">
Ponuka je platná do 31.12.2022.
</div>
<div class="arrow-container">
<div class="arrow-down"></div>
<div class="arrow-down-fg"></div>
</div>
</div>
<a href="https://potravinydomov.itesco.sk/groceries/sk-SK/products/2002020339662"
class="newddl-button left transparent ghs-link"
tabindex="0" target="_blank">
<i class="icon">
<svg xmlns="http://www.w3.org/2000/svg"
xmlns:xlink="http://www.w3.org/1999/xlink"
style="width: 20px !important" height="13" viewBox="0 0 23 13">
<defs>
<path id="clxfa"
d="M33.33 21.44c.44.1.67.38.67.8v3.1c0 .47-.38.84-.84.84h-.9a2.2 2.2 0 0 1-2.18 1.8 2.2 2.2 0 0 1-2.17-1.8h-7.9a2.22 2.22 0 0 1-2.2 1.82c-1.1 0-2-.79-2.19-1.82h-1.66c-.97 0-1.15-.92-1.25-1.41l-1.04-4.25-.41-.27a.3.3 0 0 1-.14-.23L11 18.73c0-.84.66-1.5 1.48-1.5h2.3l-.14.15a.46.46 0 0 0 0 .66.47.47 0 0 0 .66 0l.8-.8h.01l2.11-2.1c.14-.14.41-.19.58-.09.15.09.24.24.24.4 0 .13-.05.24-.14.33l-1.47 1.46h4.39l-1.47-1.46a.46.46 0 0 1 .1-.73c.17-.1.43-.05.57.1L24 18.08c.08.06.18.1.28.1.17 0 .32-.09.4-.24.1-.17.05-.43-.09-.57l-.14-.14h2.31c.77 0 1.39.57 1.47 1.3h1.75c.22 0 .8 0 1.03.71l.8 1.94zM28.7 25.8c0 .75.62 1.36 1.37 1.36.86 0 1.54-.77 1.35-1.65-.1-.52-.53-.93-1.05-1.04a1.38 1.38 0 0 0-1.67 1.33zm-2.17-1c-.05.23-.12.44-.22.63h1.6a2.2 2.2 0 0 1 2.16-1.81c1.09 0 2 .76 2.18 1.8h.9c.04 0 .07-.03.07-.06v-3.11-.04l-.06-.01-1.7-.28a.39.39 0 0 1-.3-.23l-.9-2.2c-.05-.16-.08-.17-.29-.17h-1.77-.02l-.06.71a.3.3 0 0 1-.14.23l-.41.27zm-8.25-4.07a.42.42 0 0 0-.42.43l.29 2.69a.42.42 0 1 0 .83-.02l-.28-2.69a.42.42 0 0 0-.42-.4zm-3 3.15c.02.21.2.38.41.38h.04a.42.42 0 0 0 .38-.46l-.43-2.69a.41.41 0 0 0-.45-.38.42.42 0 0 0-.38.46zm2.53 3.27c.61 0 1.13-.4 1.3-.96h-2.6c.16.56.68.96 1.3.96zm4.11-6a.42.42 0 0 0-.41-.42.41.41 0 0 0-.42.4l-.28 2.72c0 .22.18.4.41.4.23 0 .42-.18.42-.39zm2.17 3.1c.22 0 .4-.16.42-.36l.43-2.71a.41.41 0 0 0-.38-.45.42.42 0 0 0-.45.37l-.43 2.71c-.01.11.02.22.1.3.07.09.17.14.28.15z"></path>
</defs>
<g>
<g clip-path="url(#clip-72B53A8F-48D2-421E-9EC9-9A8CE7DC52A1)"
transform="translate(-11 -15)">
<use fill="#00549e" stroke="none" xlink:href="#clxfa"></use>
</g>
</g>
</svg>
</i>
<div class="ddl_link_inline address shoponline"
style="display: inline-block; vertical-align: middle;">
<span class="link">
<span class="label_wrapper">
<span class="label">
Kúpiť teraz                                                    </span>
</span>
</span>
</div>
</a>
<div class="promo-countdown -lessThan48">

<i class="icon -lessThan48">
<svg xmlns="http://www.w3.org/2000/svg"
xmlns:xlink="http://www.w3.org/1999/xlink" width="22"
height="22" viewBox="0 0 22 22">
<defs>
<path id="ywjka"
d="M216.5 21a9.5 9.5 0 1 1-19 0 9.5 9.5 0 0 1 19 0z"/>
<path id="ywjkb" d="M207 14.5v7h-5"/>
</defs>
<g>
<g transform="translate(-196 -10)">
<use fill="#fff" fill-opacity="0" stroke="#fff"
stroke-miterlimit="50"
stroke-width="1.2" xlink:href="#ywjka"/>
</g>
<g transform="translate(-196 -10)">
<use fill="#fff" fill-opacity="0" stroke="#fff"
stroke-miterlimit="50"
stroke-width="1.2" xlink:href="#ywjkb"/>
</g>
</g>
</svg>
</i>

<i class="icon normal">
<svg xmlns="http://www.w3.org/2000/svg"
xmlns:xlink="http://www.w3.org/1999/xlink" width="22"
height="22" viewBox="0 0 22 22">
<defs>
<path id="ywjka"
d="M216.5 21a9.5 9.5 0 1 1-19 0 9.5 9.5 0 0 1 19 0z"/>
<path id="ywjkb" d="M207 14.5v7h-5"/>
</defs>
<g>
<g transform="translate(-196 -10)">
<use fill="#00539F" fill-opacity="0" stroke="#00539F"
stroke-miterlimit="50"
stroke-width="1.2" xlink:href="#ywjka"/>
</g>
<g transform="translate(-196 -10)">
<use fill="#00539F" fill-opacity="0" stroke="#00539F"
stroke-miterlimit="50"
stroke-width="1.2" xlink:href="#ywjkb"/>
</g>
</g>
</svg>
</i>

<div class="promo-countdown-wrapper">
<p>Zľava končí</p>
<b data-countdown="2023/01/01 0:00:00"
data-count-down-dur-locale="&quot;{\&quot;S\&quot;:\&quot;m\&quot;,\&quot;SS\&quot;:\&quot;m\&quot;,\&quot;s\&quot;:\&quot;d\&quot;,\&quot;ss\&quot;:\&quot;s\&quot;,\&quot;m\&quot;:\&quot;m\&quot;,\&quot;mm\&quot;:\&quot;m\&quot;,\&quot;h\&quot;:\&quot;h\&quot;,\&quot;hh\&quot;:\&quot;h\&quot;,\&quot;d\&quot;:\&quot;d\&quot;,\&quot;dd\&quot;:\&quot;d\&quot;,\&quot;w\&quot;:\&quot;t\&quot;,\&quot;ww\&quot;:\&quot;t\&quot;,\&quot;M\&quot;:\&quot;m\&quot;,\&quot;MM\&quot;:\&quot;m\&quot;,\&quot;y\&quot;:\&quot;r\&quot;,\&quot;yy\&quot;:\&quot;l\&quot;}&quot;"></b>
</div>
</div>
</div>
<a href="/akciove-ponuky/akciove-produkty/produkt/napoje/liehoviny-a-likery/maruna-45/"
class="details-box" tabindex="0">
<div class="product__inner cc-tier2-higher-than-10-prod-blue-border">

<div class="product__info-wrapper">
<span class="product__name">Maruna 45%</span>
<div class="product__secondary-text">
<div>
0,7 l + 2 poháre                            </div>
<span>Pôvodná cena:</span>
<span class="product__price-text">26,99
(1 l=38,56 €)                </span>
<div class="product__price-cc-text">
<span>s Clubcard:</span>
</div>
<span class="product__price-cc-text">21,59</span>
(1 l=30,84 €)        </div>
<div class="product__discount-percentage">
<div class="product__discount-normal-price">
26,99
</div>
<div class="discount-percentage__text">
<span>
-20
<span class="discount__percentage-sign">%</span>
</span>
</div>
</div>
<div class="product__price-wrapper-outer-box">
<div class="product__price-wrapper">
<div class="product__price ">
<span class="price__left-part">
21,59
</span>
</div>
<div class="product__cc-price-text">
Clubcard ceny
</div>
</div>
</div>
</div>
<div class="product__img-wrapper">
<div class="product__img-holder">
<img data-src="/img/opt/tescoce_sk/products/2022-11-23/png/maruna-45-2002020339662-1-5k.png" src="/img/lq/tescoce_sk/products/2022-11-23/png/maruna-45-2002020339662-1-5k.png" alt="Maruna 45%"//><noscript><img src="/img/opt/tescoce_sk/products/2022-11-23/png/maruna-45-2002020339662-1-5k.png" alt="Maruna 45%"//></noscript>
</div>
<img
class="country-flag"
src="/img/npc/flags/slovak.svg"
alt="szlovák zászló"
/>
</div>
</div>                                                            </a>
<div class="shopping-list-parts">
<div class="add-button">
<i class="icon">
<svg viewBox="0 0 24 24" width="100%" height="100%">
<line x1="3" y1="12" x2="21" y2="12"></line>
<line x1="12" y1="3" x2="12" y2="21"></line>
</svg>
</i>
<div class="add-text ddl_link_inline address addtoshoppinglist">
<div>
<span class="label_wrapper">
<span class="label">Pridať do zoznamu</span>
</span>
</div>
</div>
<span class="added-text">Pridané do <a
href="/akciove-ponuky/nakupny-zoznam/"
title="zoznamu"
target="_blank">zoznamu</a></span>
</div>
<div class="add-item">
<div class="add-item__inner">
<div class="newddl-text-field newddl-quantity qty_div">
<div class="newddl-button blue icon-bg standalone search-icon no-float less-button disabled">
<i class="icon">
<svg viewBox="0 0 24 8" width="100%" height="100%">
<line x1="3" y1="4" x2="21" y2="4"></line>
</svg>
</i>
</div>
<input type="text" class="newddl-quantity-input qty" value="1" min="1"
tabindex="0">
<div class="newddl-button blue icon-bg standalone search-icon no-float more-button">
<i class="icon">
<svg viewBox="0 0 24 24" width="100%" height="100%">
<line x1="3" y1="12" x2="21" y2="12"></line>
<line x1="12" y1="3" x2="12" y2="21"></line>
</svg>
</i>
</div>
</div>
<div class="newddl-button blue secondary no-float no-icon min-width accept-button add_to_basket"
onclick="addToBasket(this)"
data-template="/akciove-ponuky/nakupny-zoznam"
data-prod_id="1191952">
<span class="link-label">
Pridať do zoznamu                                              </span>
</div>
<div class="cancel-link"><a href="#cancel"
title="Zrušiť"
tabindex="0">Zrušiť</a>
</div>
</div>
</div>
<div class="added-item" style="">
<p class="t2 nddl">Pridané do <a
href="/akciove-ponuky/nakupny-zoznam/"
title="zoznamu"
target="_blank"
tabindex="0">zoznamu</a>
</p>
<a href="/akciove-ponuky/nakupny-zoznam/"
class="newddl-button blue secondary no-float no-icon min-width edit-button"
title="Upraviť zoznam" target="_blank"
tabindex="0">
<span class="link-label">Upraviť zoznam</span>
</a>
</div>
</div>
</div>

</div>
<div class="a-productListing__productsGrid__element">
<div class="ddl-product-lol  xEqHeights soon-expire"
title="Metaxa 7* 40%">
<div class="status-bar cf">
<div class="promo-countdown -lessThan48">

<i class="icon -lessThan48">
<svg xmlns="http://www.w3.org/2000/svg"
xmlns:xlink="http://www.w3.org/1999/xlink" width="22"
height="22" viewBox="0 0 22 22">
<defs>
<path id="ywjka"
d="M216.5 21a9.5 9.5 0 1 1-19 0 9.5 9.5 0 0 1 19 0z"/>
<path id="ywjkb" d="M207 14.5v7h-5"/>
</defs>
<g>
<g transform="translate(-196 -10)">
<use fill="#fff" fill-opacity="0" stroke="#fff"
stroke-miterlimit="50"
stroke-width="1.2" xlink:href="#ywjka"/>
</g>
<g transform="translate(-196 -10)">
<use fill="#fff" fill-opacity="0" stroke="#fff"
stroke-miterlimit="50"
stroke-width="1.2" xlink:href="#ywjkb"/>
</g>
</g>
</svg>
</i>

<i class="icon normal">
<svg xmlns="http://www.w3.org/2000/svg"
xmlns:xlink="http://www.w3.org/1999/xlink" width="22"
height="22" viewBox="0 0 22 22">
<defs>
<path id="ywjka"
d="M216.5 21a9.5 9.5 0 1 1-19 0 9.5 9.5 0 0 1 19 0z"/>
<path id="ywjkb" d="M207 14.5v7h-5"/>
</defs>
<g>
<g transform="translate(-196 -10)">
<use fill="#00539F" fill-opacity="0" stroke="#00539F"
stroke-miterlimit="50"
stroke-width="1.2" xlink:href="#ywjka"/>
</g>
<g transform="translate(-196 -10)">
<use fill="#00539F" fill-opacity="0" stroke="#00539F"
stroke-miterlimit="50"
stroke-width="1.2" xlink:href="#ywjkb"/>
</g>
</g>
</svg>
</i>

<div class="promo-countdown-wrapper">
<p>Zľava končí</p>
<b data-countdown="2023/01/01 0:00:00"
data-count-down-dur-locale="&quot;{\&quot;S\&quot;:\&quot;m\&quot;,\&quot;SS\&quot;:\&quot;m\&quot;,\&quot;s\&quot;:\&quot;d\&quot;,\&quot;ss\&quot;:\&quot;s\&quot;,\&quot;m\&quot;:\&quot;m\&quot;,\&quot;mm\&quot;:\&quot;m\&quot;,\&quot;h\&quot;:\&quot;h\&quot;,\&quot;hh\&quot;:\&quot;h\&quot;,\&quot;d\&quot;:\&quot;d\&quot;,\&quot;dd\&quot;:\&quot;d\&quot;,\&quot;w\&quot;:\&quot;t\&quot;,\&quot;ww\&quot;:\&quot;t\&quot;,\&quot;M\&quot;:\&quot;m\&quot;,\&quot;MM\&quot;:\&quot;m\&quot;,\&quot;y\&quot;:\&quot;r\&quot;,\&quot;yy\&quot;:\&quot;l\&quot;}&quot;"></b>
</div>
</div>
</div>
<a href="/akciove-ponuky/akciove-produkty/produkt/napoje/liehoviny-a-likery/metaxa-7-40/"
class="details-box" tabindex="0">
<div class="product__inner cc-tier2-higher-than-10-prod-blue-border">

<div class="product__info-wrapper">
<span class="product__name">Metaxa 7* 40%</span>
<div class="product__secondary-text">
<div>
0,7 l + 2 poháre                            </div>
<span>Pôvodná cena:</span>
<span class="product__price-text">26,99
(1 l=38,56 €)                </span>
<div class="product__price-cc-text">
<span>s Clubcard:</span>
</div>
<span class="product__price-cc-text">21,59</span>
(1 l=30,84 €)        </div>
<div class="product__discount-percentage">
<div class="product__discount-normal-price">
26,99
</div>
<div class="discount-percentage__text">
<span>
-20
<span class="discount__percentage-sign">%</span>
</span>
</div>
</div>
<div class="product__price-wrapper-outer-box">
<div class="product__price-wrapper">
<div class="product__price ">
<span class="price__left-part">
21,59
</span>
</div>
<div class="product__cc-price-text">
Clubcard ceny
</div>
</div>
</div>
</div>
<div class="product__img-wrapper">
<div class="product__img-holder">
<img data-src="/img/opt/tescoce_sk/products/2022-12-07/png/metaxa-7-40-2002014703333-1-5k.png" src="/img/lq/tescoce_sk/products/2022-12-07/png/metaxa-7-40-2002014703333-1-5k.png" alt="Metaxa 7* 40%"//><noscript><img src="/img/opt/tescoce_sk/products/2022-12-07/png/metaxa-7-40-2002014703333-1-5k.png" alt="Metaxa 7* 40%"//></noscript>
</div>
<img
class="country-flag"
src=""
alt=""
/>
</div>
</div>                                                            </a>
<div class="shopping-list-parts">
<div class="add-button">
<i class="icon">
<svg viewBox="0 0 24 24" width="100%" height="100%">
<line x1="3" y1="12" x2="21" y2="12"></line>
<line x1="12" y1="3" x2="12" y2="21"></line>
</svg>
</i>
<div class="add-text ddl_link_inline address addtoshoppinglist">
<div>
<span class="label_wrapper">
<span class="label">Pridať do zoznamu</span>
</span>
</div>
</div>
<span class="added-text">Pridané do <a
href="/akciove-ponuky/nakupny-zoznam/"
title="zoznamu"
target="_blank">zoznamu</a></span>
</div>
<div class="add-item">
<div class="add-item__inner">
<div class="newddl-text-field newddl-quantity qty_div">
<div class="newddl-button blue icon-bg standalone search-icon no-float less-button disabled">
<i class="icon">
<svg viewBox="0 0 24 8" width="100%" height="100%">
<line x1="3" y1="4" x2="21" y2="4"></line>
</svg>
</i>
</div>
<input type="text" class="newddl-quantity-input qty" value="1" min="1"
tabindex="0">
<div class="newddl-button blue icon-bg standalone search-icon no-float more-button">
<i class="icon">
<svg viewBox="0 0 24 24" width="100%" height="100%">
<line x1="3" y1="12" x2="21" y2="12"></line>
<line x1="12" y1="3" x2="12" y2="21"></line>
</svg>
</i>
</div>
</div>
<div class="newddl-button blue secondary no-float no-icon min-width accept-button add_to_basket"
onclick="addToBasket(this)"
data-template="/akciove-ponuky/nakupny-zoznam"
data-prod_id="1205971">
<span class="link-label">
Pridať do zoznamu                                              </span>
</div>
<div class="cancel-link"><a href="#cancel"
title="Zrušiť"
tabindex="0">Zrušiť</a>
</div>
</div>
</div>
<div class="added-item" style="">
<p class="t2 nddl">Pridané do <a
href="/akciove-ponuky/nakupny-zoznam/"
title="zoznamu"
target="_blank"
tabindex="0">zoznamu</a>
</p>
<a href="/akciove-ponuky/nakupny-zoznam/"
class="newddl-button blue secondary no-float no-icon min-width edit-button"
title="Upraviť zoznam" target="_blank"
tabindex="0">
<span class="link-label">Upraviť zoznam</span>
</a>
</div>
</div>
</div>

</div>
<div class="a-productListing__productsGrid__element">
<div class="ddl-product-lol  xEqHeights soon-expire"
title="Mirinda">
<div class="status-bar cf">
<div class="hovershowtooltip">
<div class="inner">
Ponuka je platná do 03.01.2023.
</div>
<div class="arrow-container">
<div class="arrow-down"></div>
<div class="arrow-down-fg"></div>
</div>
</div>
<a href="https://potravinydomov.itesco.sk/groceries/sk-SK/products/2002121563284"
class="newddl-button left transparent ghs-link"
tabindex="0" target="_blank">
<i class="icon">
<svg xmlns="http://www.w3.org/2000/svg"
xmlns:xlink="http://www.w3.org/1999/xlink"
style="width: 20px !important" height="13" viewBox="0 0 23 13">
<defs>
<path id="clxfa"
d="M33.33 21.44c.44.1.67.38.67.8v3.1c0 .47-.38.84-.84.84h-.9a2.2 2.2 0 0 1-2.18 1.8 2.2 2.2 0 0 1-2.17-1.8h-7.9a2.22 2.22 0 0 1-2.2 1.82c-1.1 0-2-.79-2.19-1.82h-1.66c-.97 0-1.15-.92-1.25-1.41l-1.04-4.25-.41-.27a.3.3 0 0 1-.14-.23L11 18.73c0-.84.66-1.5 1.48-1.5h2.3l-.14.15a.46.46 0 0 0 0 .66.47.47 0 0 0 .66 0l.8-.8h.01l2.11-2.1c.14-.14.41-.19.58-.09.15.09.24.24.24.4 0 .13-.05.24-.14.33l-1.47 1.46h4.39l-1.47-1.46a.46.46 0 0 1 .1-.73c.17-.1.43-.05.57.1L24 18.08c.08.06.18.1.28.1.17 0 .32-.09.4-.24.1-.17.05-.43-.09-.57l-.14-.14h2.31c.77 0 1.39.57 1.47 1.3h1.75c.22 0 .8 0 1.03.71l.8 1.94zM28.7 25.8c0 .75.62 1.36 1.37 1.36.86 0 1.54-.77 1.35-1.65-.1-.52-.53-.93-1.05-1.04a1.38 1.38 0 0 0-1.67 1.33zm-2.17-1c-.05.23-.12.44-.22.63h1.6a2.2 2.2 0 0 1 2.16-1.81c1.09 0 2 .76 2.18 1.8h.9c.04 0 .07-.03.07-.06v-3.11-.04l-.06-.01-1.7-.28a.39.39 0 0 1-.3-.23l-.9-2.2c-.05-.16-.08-.17-.29-.17h-1.77-.02l-.06.71a.3.3 0 0 1-.14.23l-.41.27zm-8.25-4.07a.42.42 0 0 0-.42.43l.29 2.69a.42.42 0 1 0 .83-.02l-.28-2.69a.42.42 0 0 0-.42-.4zm-3 3.15c.02.21.2.38.41.38h.04a.42.42 0 0 0 .38-.46l-.43-2.69a.41.41 0 0 0-.45-.38.42.42 0 0 0-.38.46zm2.53 3.27c.61 0 1.13-.4 1.3-.96h-2.6c.16.56.68.96 1.3.96zm4.11-6a.42.42 0 0 0-.41-.42.41.41 0 0 0-.42.4l-.28 2.72c0 .22.18.4.41.4.23 0 .42-.18.42-.39zm2.17 3.1c.22 0 .4-.16.42-.36l.43-2.71a.41.41 0 0 0-.38-.45.42.42 0 0 0-.45.37l-.43 2.71c-.01.11.02.22.1.3.07.09.17.14.28.15z"></path>
</defs>
<g>
<g clip-path="url(#clip-72B53A8F-48D2-421E-9EC9-9A8CE7DC52A1)"
transform="translate(-11 -15)">
<use fill="#00549e" stroke="none" xlink:href="#clxfa"></use>
</g>
</g>
</svg>
</i>
<div class="ddl_link_inline address shoponline"
style="display: inline-block; vertical-align: middle;">
<span class="link">
<span class="label_wrapper">
<span class="label">
Kúpiť teraz                                                    </span>
</span>
</span>
</div>
</a>
<div class="promo-countdown">

<i class="icon -lessThan48">
<svg xmlns="http://www.w3.org/2000/svg"
xmlns:xlink="http://www.w3.org/1999/xlink" width="22"
height="22" viewBox="0 0 22 22">
<defs>
<path id="ywjka"
d="M216.5 21a9.5 9.5 0 1 1-19 0 9.5 9.5 0 0 1 19 0z"/>
<path id="ywjkb" d="M207 14.5v7h-5"/>
</defs>
<g>
<g transform="translate(-196 -10)">
<use fill="#fff" fill-opacity="0" stroke="#fff"
stroke-miterlimit="50"
stroke-width="1.2" xlink:href="#ywjka"/>
</g>
<g transform="translate(-196 -10)">
<use fill="#fff" fill-opacity="0" stroke="#fff"
stroke-miterlimit="50"
stroke-width="1.2" xlink:href="#ywjkb"/>
</g>
</g>
</svg>
</i>

<i class="icon normal">
<svg xmlns="http://www.w3.org/2000/svg"
xmlns:xlink="http://www.w3.org/1999/xlink" width="22"
height="22" viewBox="0 0 22 22">
<defs>
<path id="ywjka"
d="M216.5 21a9.5 9.5 0 1 1-19 0 9.5 9.5 0 0 1 19 0z"/>
<path id="ywjkb" d="M207 14.5v7h-5"/>
</defs>
<g>
<g transform="translate(-196 -10)">
<use fill="#00539F" fill-opacity="0" stroke="#00539F"
stroke-miterlimit="50"
stroke-width="1.2" xlink:href="#ywjka"/>
</g>
<g transform="translate(-196 -10)">
<use fill="#00539F" fill-opacity="0" stroke="#00539F"
stroke-miterlimit="50"
stroke-width="1.2" xlink:href="#ywjkb"/>
</g>
</g>
</svg>
</i>

<div class="promo-countdown-wrapper">
<p>Zľava končí</p>
<b data-countdown="2023/01/04 0:00:00"
data-count-down-dur-locale="&quot;{\&quot;S\&quot;:\&quot;m\&quot;,\&quot;SS\&quot;:\&quot;m\&quot;,\&quot;s\&quot;:\&quot;d\&quot;,\&quot;ss\&quot;:\&quot;s\&quot;,\&quot;m\&quot;:\&quot;m\&quot;,\&quot;mm\&quot;:\&quot;m\&quot;,\&quot;h\&quot;:\&quot;h\&quot;,\&quot;hh\&quot;:\&quot;h\&quot;,\&quot;d\&quot;:\&quot;d\&quot;,\&quot;dd\&quot;:\&quot;d\&quot;,\&quot;w\&quot;:\&quot;t\&quot;,\&quot;ww\&quot;:\&quot;t\&quot;,\&quot;M\&quot;:\&quot;m\&quot;,\&quot;MM\&quot;:\&quot;m\&quot;,\&quot;y\&quot;:\&quot;r\&quot;,\&quot;yy\&quot;:\&quot;l\&quot;}&quot;"></b>
</div>
</div>
</div>
<a href="/akciove-ponuky/akciove-produkty/produkt/napoje/nealkoholicke-napoje/mirinda/"
class="details-box" tabindex="0">
<div class="product__inner cc-tier2-higher-than-10-prod-blue-border">

<div class="product__info-wrapper">
<span class="product__name">Mirinda</span>
<div class="product__secondary-text">
<div>
viac druhov, 2,25 l 
Záloha za vratný obal 0,15                            </div>
<span>Pôvodná cena:</span>
<span class="product__price-text">1,59
(1 l=0,71 €)                </span>
<div class="product__price-cc-text">
<span>s Clubcard:</span>
</div>
<span class="product__price-cc-text">0,89</span>
(1 l=0,40 €)        </div>
<div class="product__discount-percentage">
<div class="product__discount-normal-price">
1,59
</div>
<div class="discount-percentage__text">
<span>
-44
<span class="discount__percentage-sign">%</span>
</span>
</div>
</div>
<div class="product__price-wrapper-outer-box">
<div class="product__price-wrapper">
<div class="product__price ">
<span class="price__left-part">
0,89
</span>
</div>
<div class="product__cc-price-text">
Clubcard ceny
</div>
</div>
</div>
</div>
<div class="product__img-wrapper">
<div class="product__img-holder">
<img data-src="/img/opt/tescoce_sk/products/2022-12-28/png/pepsi-cola-2002121563284-1-5k.png" src="/img/lq/tescoce_sk/products/2022-12-28/png/pepsi-cola-2002121563284-1-5k.png" alt="Mirinda"//><noscript><img src="/img/opt/tescoce_sk/products/2022-12-28/png/pepsi-cola-2002121563284-1-5k.png" alt="Mirinda"//></noscript>
</div>
<img
class="country-flag"
src=""
alt=""
/>
</div>
</div>                                                            </a>
<div class="shopping-list-parts">
<div class="add-button">
<i class="icon">
<svg viewBox="0 0 24 24" width="100%" height="100%">
<line x1="3" y1="12" x2="21" y2="12"></line>
<line x1="12" y1="3" x2="12" y2="21"></line>
</svg>
</i>
<div class="add-text ddl_link_inline address addtoshoppinglist">
<div>
<span class="label_wrapper">
<span class="label">Pridať do zoznamu</span>
</span>
</div>
</div>
<span class="added-text">Pridané do <a
href="/akciove-ponuky/nakupny-zoznam/"
title="zoznamu"
target="_blank">zoznamu</a></span>
</div>
<div class="add-item">
<div class="add-item__inner">
<div class="newddl-text-field newddl-quantity qty_div">
<div class="newddl-button blue icon-bg standalone search-icon no-float less-button disabled">
<i class="icon">
<svg viewBox="0 0 24 8" width="100%" height="100%">
<line x1="3" y1="4" x2="21" y2="4"></line>
</svg>
</i>
</div>
<input type="text" class="newddl-quantity-input qty" value="1" min="1"
tabindex="0">
<div class="newddl-button blue icon-bg standalone search-icon no-float more-button">
<i class="icon">
<svg viewBox="0 0 24 24" width="100%" height="100%">
<line x1="3" y1="12" x2="21" y2="12"></line>
<line x1="12" y1="3" x2="12" y2="21"></line>
</svg>
</i>
</div>
</div>
<div class="newddl-button blue secondary no-float no-icon min-width accept-button add_to_basket"
onclick="addToBasket(this)"
data-template="/akciove-ponuky/nakupny-zoznam"
data-prod_id="1215922">
<span class="link-label">
Pridať do zoznamu                                              </span>
</div>
<div class="cancel-link"><a href="#cancel"
title="Zrušiť"
tabindex="0">Zrušiť</a>
</div>
</div>
</div>
<div class="added-item" style="">
<p class="t2 nddl">Pridané do <a
href="/akciove-ponuky/nakupny-zoznam/"
title="zoznamu"
target="_blank"
tabindex="0">zoznamu</a>
</p>
<a href="/akciove-ponuky/nakupny-zoznam/"
class="newddl-button blue secondary no-float no-icon min-width edit-button"
title="Upraviť zoznam" target="_blank"
tabindex="0">
<span class="link-label">Upraviť zoznam</span>
</a>
</div>
</div>
</div>

</div>
<div class="a-productListing__productsGrid__element">
<div class="ddl-product-lol  xEqHeights soon-expire"
title="Mistral Balíček imunity">
<div class="status-bar cf">
<div class="promo-countdown -lessThan48">

<i class="icon -lessThan48">
<svg xmlns="http://www.w3.org/2000/svg"
xmlns:xlink="http://www.w3.org/1999/xlink" width="22"
height="22" viewBox="0 0 22 22">
<defs>
<path id="ywjka"
d="M216.5 21a9.5 9.5 0 1 1-19 0 9.5 9.5 0 0 1 19 0z"/>
<path id="ywjkb" d="M207 14.5v7h-5"/>
</defs>
<g>
<g transform="translate(-196 -10)">
<use fill="#fff" fill-opacity="0" stroke="#fff"
stroke-miterlimit="50"
stroke-width="1.2" xlink:href="#ywjka"/>
</g>
<g transform="translate(-196 -10)">
<use fill="#fff" fill-opacity="0" stroke="#fff"
stroke-miterlimit="50"
stroke-width="1.2" xlink:href="#ywjkb"/>
</g>
</g>
</svg>
</i>

<i class="icon normal">
<svg xmlns="http://www.w3.org/2000/svg"
xmlns:xlink="http://www.w3.org/1999/xlink" width="22"
height="22" viewBox="0 0 22 22">
<defs>
<path id="ywjka"
d="M216.5 21a9.5 9.5 0 1 1-19 0 9.5 9.5 0 0 1 19 0z"/>
<path id="ywjkb" d="M207 14.5v7h-5"/>
</defs>
<g>
<g transform="translate(-196 -10)">
<use fill="#00539F" fill-opacity="0" stroke="#00539F"
stroke-miterlimit="50"
stroke-width="1.2" xlink:href="#ywjka"/>
</g>
<g transform="translate(-196 -10)">
<use fill="#00539F" fill-opacity="0" stroke="#00539F"
stroke-miterlimit="50"
stroke-width="1.2" xlink:href="#ywjkb"/>
</g>
</g>
</svg>
</i>

<div class="promo-countdown-wrapper">
<p>Zľava končí</p>
<b data-countdown="2023/01/01 0:00:00"
data-count-down-dur-locale="&quot;{\&quot;S\&quot;:\&quot;m\&quot;,\&quot;SS\&quot;:\&quot;m\&quot;,\&quot;s\&quot;:\&quot;d\&quot;,\&quot;ss\&quot;:\&quot;s\&quot;,\&quot;m\&quot;:\&quot;m\&quot;,\&quot;mm\&quot;:\&quot;m\&quot;,\&quot;h\&quot;:\&quot;h\&quot;,\&quot;hh\&quot;:\&quot;h\&quot;,\&quot;d\&quot;:\&quot;d\&quot;,\&quot;dd\&quot;:\&quot;d\&quot;,\&quot;w\&quot;:\&quot;t\&quot;,\&quot;ww\&quot;:\&quot;t\&quot;,\&quot;M\&quot;:\&quot;m\&quot;,\&quot;MM\&quot;:\&quot;m\&quot;,\&quot;y\&quot;:\&quot;r\&quot;,\&quot;yy\&quot;:\&quot;l\&quot;}&quot;"></b>
</div>
</div>
</div>
<a href="/akciove-ponuky/akciove-produkty/produkt/napoje/caje/mistral-balicek-imunity/"
class="details-box" tabindex="0">
<div class="product__inner cc-tier2-higher-than-10-prod-blue-border">

<div class="product__info-wrapper">
<span class="product__name">Mistral Balíček imunity</span>
<div class="product__secondary-text">
<div>
90 g                            </div>
<span>Pôvodná cena:</span>
<span class="product__price-text">5,39
(1 kg=59,89 €)                </span>
<div class="product__price-cc-text">
<span>s Clubcard:</span>
</div>
<span class="product__price-cc-text">4,29</span>
(1 kg=47,67 €)        </div>
<div class="product__discount-percentage">
<div class="product__discount-normal-price">
5,39
</div>
<div class="discount-percentage__text">
<span>
-20
<span class="discount__percentage-sign">%</span>
</span>
</div>
</div>
<div class="product__price-wrapper-outer-box">
<div class="product__price-wrapper">
<div class="product__price ">
<span class="price__left-part">
4,29
</span>
</div>
<div class="product__cc-price-text">
Clubcard ceny
</div>
</div>
</div>
</div>
<div class="product__img-wrapper">
<div class="product__img-holder">
<img data-src="/img/opt/tescoce_sk/products/2022-12-07/png/leros-2002020339495-1-5k.png" src="/img/lq/tescoce_sk/products/2022-12-07/png/leros-2002020339495-1-5k.png" alt="Mistral Balíček imunity"//><noscript><img src="/img/opt/tescoce_sk/products/2022-12-07/png/leros-2002020339495-1-5k.png" alt="Mistral Balíček imunity"//></noscript>
</div>
<img
class="country-flag"
src="/img/npc/flags/slovak.svg"
alt="szlovák zászló"
/>
</div>
</div>                                                            </a>
<div class="shopping-list-parts">
<div class="add-button">
<i class="icon">
<svg viewBox="0 0 24 24" width="100%" height="100%">
<line x1="3" y1="12" x2="21" y2="12"></line>
<line x1="12" y1="3" x2="12" y2="21"></line>
</svg>
</i>
<div class="add-text ddl_link_inline address addtoshoppinglist">
<div>
<span class="label_wrapper">
<span class="label">Pridať do zoznamu</span>
</span>
</div>
</div>
<span class="added-text">Pridané do <a
href="/akciove-ponuky/nakupny-zoznam/"
title="zoznamu"
target="_blank">zoznamu</a></span>
</div>
<div class="add-item">
<div class="add-item__inner">
<div class="newddl-text-field newddl-quantity qty_div">
<div class="newddl-button blue icon-bg standalone search-icon no-float less-button disabled">
<i class="icon">
<svg viewBox="0 0 24 8" width="100%" height="100%">
<line x1="3" y1="4" x2="21" y2="4"></line>
</svg>
</i>
</div>
<input type="text" class="newddl-quantity-input qty" value="1" min="1"
tabindex="0">
<div class="newddl-button blue icon-bg standalone search-icon no-float more-button">
<i class="icon">
<svg viewBox="0 0 24 24" width="100%" height="100%">
<line x1="3" y1="12" x2="21" y2="12"></line>
<line x1="12" y1="3" x2="12" y2="21"></line>
</svg>
</i>
</div>
</div>
<div class="newddl-button blue secondary no-float no-icon min-width accept-button add_to_basket"
onclick="addToBasket(this)"
data-template="/akciove-ponuky/nakupny-zoznam"
data-prod_id="1207102">
<span class="link-label">
Pridať do zoznamu                                              </span>
</div>
<div class="cancel-link"><a href="#cancel"
title="Zrušiť"
tabindex="0">Zrušiť</a>
</div>
</div>
</div>
<div class="added-item" style="">
<p class="t2 nddl">Pridané do <a
href="/akciove-ponuky/nakupny-zoznam/"
title="zoznamu"
target="_blank"
tabindex="0">zoznamu</a>
</p>
<a href="/akciove-ponuky/nakupny-zoznam/"
class="newddl-button blue secondary no-float no-icon min-width edit-button"
title="Upraviť zoznam" target="_blank"
tabindex="0">
<span class="link-label">Upraviť zoznam</span>
</a>
</div>
</div>
</div>

</div>
<div class="a-productListing__productsGrid__element">
<div class="ddl-product-lol  xEqHeights soon-expire"
title="Nicolaus vodka extra jemná 38%">
<div class="status-bar cf">
<div class="hovershowtooltip">
<div class="inner">
Ponuka je platná do 03.01.2023.
</div>
<div class="arrow-container">
<div class="arrow-down"></div>
<div class="arrow-down-fg"></div>
</div>
</div>
<a href="https://potravinydomov.itesco.sk/groceries/sk-SK/products/2002015620424"
class="newddl-button left transparent ghs-link"
tabindex="0" target="_blank">
<i class="icon">
<svg xmlns="http://www.w3.org/2000/svg"
xmlns:xlink="http://www.w3.org/1999/xlink"
style="width: 20px !important" height="13" viewBox="0 0 23 13">
<defs>
<path id="clxfa"
d="M33.33 21.44c.44.1.67.38.67.8v3.1c0 .47-.38.84-.84.84h-.9a2.2 2.2 0 0 1-2.18 1.8 2.2 2.2 0 0 1-2.17-1.8h-7.9a2.22 2.22 0 0 1-2.2 1.82c-1.1 0-2-.79-2.19-1.82h-1.66c-.97 0-1.15-.92-1.25-1.41l-1.04-4.25-.41-.27a.3.3 0 0 1-.14-.23L11 18.73c0-.84.66-1.5 1.48-1.5h2.3l-.14.15a.46.46 0 0 0 0 .66.47.47 0 0 0 .66 0l.8-.8h.01l2.11-2.1c.14-.14.41-.19.58-.09.15.09.24.24.24.4 0 .13-.05.24-.14.33l-1.47 1.46h4.39l-1.47-1.46a.46.46 0 0 1 .1-.73c.17-.1.43-.05.57.1L24 18.08c.08.06.18.1.28.1.17 0 .32-.09.4-.24.1-.17.05-.43-.09-.57l-.14-.14h2.31c.77 0 1.39.57 1.47 1.3h1.75c.22 0 .8 0 1.03.71l.8 1.94zM28.7 25.8c0 .75.62 1.36 1.37 1.36.86 0 1.54-.77 1.35-1.65-.1-.52-.53-.93-1.05-1.04a1.38 1.38 0 0 0-1.67 1.33zm-2.17-1c-.05.23-.12.44-.22.63h1.6a2.2 2.2 0 0 1 2.16-1.81c1.09 0 2 .76 2.18 1.8h.9c.04 0 .07-.03.07-.06v-3.11-.04l-.06-.01-1.7-.28a.39.39 0 0 1-.3-.23l-.9-2.2c-.05-.16-.08-.17-.29-.17h-1.77-.02l-.06.71a.3.3 0 0 1-.14.23l-.41.27zm-8.25-4.07a.42.42 0 0 0-.42.43l.29 2.69a.42.42 0 1 0 .83-.02l-.28-2.69a.42.42 0 0 0-.42-.4zm-3 3.15c.02.21.2.38.41.38h.04a.42.42 0 0 0 .38-.46l-.43-2.69a.41.41 0 0 0-.45-.38.42.42 0 0 0-.38.46zm2.53 3.27c.61 0 1.13-.4 1.3-.96h-2.6c.16.56.68.96 1.3.96zm4.11-6a.42.42 0 0 0-.41-.42.41.41 0 0 0-.42.4l-.28 2.72c0 .22.18.4.41.4.23 0 .42-.18.42-.39zm2.17 3.1c.22 0 .4-.16.42-.36l.43-2.71a.41.41 0 0 0-.38-.45.42.42 0 0 0-.45.37l-.43 2.71c-.01.11.02.22.1.3.07.09.17.14.28.15z"></path>
</defs>
<g>
<g clip-path="url(#clip-72B53A8F-48D2-421E-9EC9-9A8CE7DC52A1)"
transform="translate(-11 -15)">
<use fill="#00549e" stroke="none" xlink:href="#clxfa"></use>
</g>
</g>
</svg>
</i>
<div class="ddl_link_inline address shoponline"
style="display: inline-block; vertical-align: middle;">
<span class="link">
<span class="label_wrapper">
<span class="label">
Kúpiť teraz                                                    </span>
</span>
</span>
</div>
</a>
<div class="promo-countdown">

<i class="icon -lessThan48">
<svg xmlns="http://www.w3.org/2000/svg"
xmlns:xlink="http://www.w3.org/1999/xlink" width="22"
height="22" viewBox="0 0 22 22">
<defs>
<path id="ywjka"
d="M216.5 21a9.5 9.5 0 1 1-19 0 9.5 9.5 0 0 1 19 0z"/>
<path id="ywjkb" d="M207 14.5v7h-5"/>
</defs>
<g>
<g transform="translate(-196 -10)">
<use fill="#fff" fill-opacity="0" stroke="#fff"
stroke-miterlimit="50"
stroke-width="1.2" xlink:href="#ywjka"/>
</g>
<g transform="translate(-196 -10)">
<use fill="#fff" fill-opacity="0" stroke="#fff"
stroke-miterlimit="50"
stroke-width="1.2" xlink:href="#ywjkb"/>
</g>
</g>
</svg>
</i>

<i class="icon normal">
<svg xmlns="http://www.w3.org/2000/svg"
xmlns:xlink="http://www.w3.org/1999/xlink" width="22"
height="22" viewBox="0 0 22 22">
<defs>
<path id="ywjka"
d="M216.5 21a9.5 9.5 0 1 1-19 0 9.5 9.5 0 0 1 19 0z"/>
<path id="ywjkb" d="M207 14.5v7h-5"/>
</defs>
<g>
<g transform="translate(-196 -10)">
<use fill="#00539F" fill-opacity="0" stroke="#00539F"
stroke-miterlimit="50"
stroke-width="1.2" xlink:href="#ywjka"/>
</g>
<g transform="translate(-196 -10)">
<use fill="#00539F" fill-opacity="0" stroke="#00539F"
stroke-miterlimit="50"
stroke-width="1.2" xlink:href="#ywjkb"/>
</g>
</g>
</svg>
</i>

<div class="promo-countdown-wrapper">
<p>Zľava končí</p>
<b data-countdown="2023/01/04 0:00:00"
data-count-down-dur-locale="&quot;{\&quot;S\&quot;:\&quot;m\&quot;,\&quot;SS\&quot;:\&quot;m\&quot;,\&quot;s\&quot;:\&quot;d\&quot;,\&quot;ss\&quot;:\&quot;s\&quot;,\&quot;m\&quot;:\&quot;m\&quot;,\&quot;mm\&quot;:\&quot;m\&quot;,\&quot;h\&quot;:\&quot;h\&quot;,\&quot;hh\&quot;:\&quot;h\&quot;,\&quot;d\&quot;:\&quot;d\&quot;,\&quot;dd\&quot;:\&quot;d\&quot;,\&quot;w\&quot;:\&quot;t\&quot;,\&quot;ww\&quot;:\&quot;t\&quot;,\&quot;M\&quot;:\&quot;m\&quot;,\&quot;MM\&quot;:\&quot;m\&quot;,\&quot;y\&quot;:\&quot;r\&quot;,\&quot;yy\&quot;:\&quot;l\&quot;}&quot;"></b>
</div>
</div>
</div>
<a href="/akciove-ponuky/akciove-produkty/produkt/napoje/liehoviny-a-likery/nicolaus-vodka-extra-jemna-38/"
class="details-box" tabindex="0">
<div class="product__inner cc-tier2-higher-than-10-prod-blue-border">

<div class="product__info-wrapper">
<span class="product__name">Nicolaus vodka extra jemná 38%</span>
<div class="product__secondary-text">
<div>
viac druhov, 0,7 l                            </div>
<span>Pôvodná cena:</span>
<span class="product__price-text">8,99
(1 l=12,84 €)                </span>
<div class="product__price-cc-text">
<span>s Clubcard:</span>
</div>
<span class="product__price-cc-text">5,69</span>
(1 l=8,13 €)        </div>
<div class="product__discount-percentage">
<div class="product__discount-normal-price">
8,99
</div>
<div class="discount-percentage__text">
<span>
-36
<span class="discount__percentage-sign">%</span>
</span>
</div>
</div>
<div class="product__price-wrapper-outer-box">
<div class="product__price-wrapper">
<div class="product__price ">
<span class="price__left-part">
5,69
</span>
</div>
<div class="product__cc-price-text">
Clubcard ceny
</div>
</div>
</div>
</div>
<div class="product__img-wrapper">
<div class="product__img-holder">
<img data-src="/img/opt/tescoce_sk/products/2022-12-28/png/nicolaus-vodka-extra-jemna-2002015620424-1-5k.png" src="/img/lq/tescoce_sk/products/2022-12-28/png/nicolaus-vodka-extra-jemna-2002015620424-1-5k.png" alt="Nicolaus vodka extra jemná 38%"//><noscript><img src="/img/opt/tescoce_sk/products/2022-12-28/png/nicolaus-vodka-extra-jemna-2002015620424-1-5k.png" alt="Nicolaus vodka extra jemná 38%"//></noscript>
</div>
<img
class="country-flag"
src="/img/npc/flags/slovak.svg"
alt="szlovák zászló"
/>
</div>
</div>                                                            </a>
<div class="shopping-list-parts">
<div class="add-button">
<i class="icon">
<svg viewBox="0 0 24 24" width="100%" height="100%">
<line x1="3" y1="12" x2="21" y2="12"></line>
<line x1="12" y1="3" x2="12" y2="21"></line>
</svg>
</i>
<div class="add-text ddl_link_inline address addtoshoppinglist">
<div>
<span class="label_wrapper">
<span class="label">Pridať do zoznamu</span>
</span>
</div>
</div>
<span class="added-text">Pridané do <a
href="/akciove-ponuky/nakupny-zoznam/"
title="zoznamu"
target="_blank">zoznamu</a></span>
</div>
<div class="add-item">
<div class="add-item__inner">
<div class="newddl-text-field newddl-quantity qty_div">
<div class="newddl-button blue icon-bg standalone search-icon no-float less-button disabled">
<i class="icon">
<svg viewBox="0 0 24 8" width="100%" height="100%">
<line x1="3" y1="4" x2="21" y2="4"></line>
</svg>
</i>
</div>
<input type="text" class="newddl-quantity-input qty" value="1" min="1"
tabindex="0">
<div class="newddl-button blue icon-bg standalone search-icon no-float more-button">
<i class="icon">
<svg viewBox="0 0 24 24" width="100%" height="100%">
<line x1="3" y1="12" x2="21" y2="12"></line>
<line x1="12" y1="3" x2="12" y2="21"></line>
</svg>
</i>
</div>
</div>
<div class="newddl-button blue secondary no-float no-icon min-width accept-button add_to_basket"
onclick="addToBasket(this)"
data-template="/akciove-ponuky/nakupny-zoznam"
data-prod_id="1216572">
<span class="link-label">
Pridať do zoznamu                                              </span>
</div>
<div class="cancel-link"><a href="#cancel"
title="Zrušiť"
tabindex="0">Zrušiť</a>
</div>
</div>
</div>
<div class="added-item" style="">
<p class="t2 nddl">Pridané do <a
href="/akciove-ponuky/nakupny-zoznam/"
title="zoznamu"
target="_blank"
tabindex="0">zoznamu</a>
</p>
<a href="/akciove-ponuky/nakupny-zoznam/"
class="newddl-button blue secondary no-float no-icon min-width edit-button"
title="Upraviť zoznam" target="_blank"
tabindex="0">
<span class="link-label">Upraviť zoznam</span>
</a>
</div>
</div>
</div>

</div>
<div class="a-productListing__productsGrid__element">
<div class="ddl-product-lol  xEqHeights soon-expire"
title="Old Jamaica">
<div class="status-bar cf">
<div class="promo-countdown">

<i class="icon -lessThan48">
<svg xmlns="http://www.w3.org/2000/svg"
xmlns:xlink="http://www.w3.org/1999/xlink" width="22"
height="22" viewBox="0 0 22 22">
<defs>
<path id="ywjka"
d="M216.5 21a9.5 9.5 0 1 1-19 0 9.5 9.5 0 0 1 19 0z"/>
<path id="ywjkb" d="M207 14.5v7h-5"/>
</defs>
<g>
<g transform="translate(-196 -10)">
<use fill="#fff" fill-opacity="0" stroke="#fff"
stroke-miterlimit="50"
stroke-width="1.2" xlink:href="#ywjka"/>
</g>
<g transform="translate(-196 -10)">
<use fill="#fff" fill-opacity="0" stroke="#fff"
stroke-miterlimit="50"
stroke-width="1.2" xlink:href="#ywjkb"/>
</g>
</g>
</svg>
</i>

<i class="icon normal">
<svg xmlns="http://www.w3.org/2000/svg"
xmlns:xlink="http://www.w3.org/1999/xlink" width="22"
height="22" viewBox="0 0 22 22">
<defs>
<path id="ywjka"
d="M216.5 21a9.5 9.5 0 1 1-19 0 9.5 9.5 0 0 1 19 0z"/>
<path id="ywjkb" d="M207 14.5v7h-5"/>
</defs>
<g>
<g transform="translate(-196 -10)">
<use fill="#00539F" fill-opacity="0" stroke="#00539F"
stroke-miterlimit="50"
stroke-width="1.2" xlink:href="#ywjka"/>
</g>
<g transform="translate(-196 -10)">
<use fill="#00539F" fill-opacity="0" stroke="#00539F"
stroke-miterlimit="50"
stroke-width="1.2" xlink:href="#ywjkb"/>
</g>
</g>
</svg>
</i>

<div class="promo-countdown-wrapper">
<p>Zľava končí</p>
<b data-countdown="2023/01/04 0:00:00"
data-count-down-dur-locale="&quot;{\&quot;S\&quot;:\&quot;m\&quot;,\&quot;SS\&quot;:\&quot;m\&quot;,\&quot;s\&quot;:\&quot;d\&quot;,\&quot;ss\&quot;:\&quot;s\&quot;,\&quot;m\&quot;:\&quot;m\&quot;,\&quot;mm\&quot;:\&quot;m\&quot;,\&quot;h\&quot;:\&quot;h\&quot;,\&quot;hh\&quot;:\&quot;h\&quot;,\&quot;d\&quot;:\&quot;d\&quot;,\&quot;dd\&quot;:\&quot;d\&quot;,\&quot;w\&quot;:\&quot;t\&quot;,\&quot;ww\&quot;:\&quot;t\&quot;,\&quot;M\&quot;:\&quot;m\&quot;,\&quot;MM\&quot;:\&quot;m\&quot;,\&quot;y\&quot;:\&quot;r\&quot;,\&quot;yy\&quot;:\&quot;l\&quot;}&quot;"></b>
</div>
</div>
</div>
<a href="/akciove-ponuky/akciove-produkty/produkt/napoje/piva/old-jamaica/"
class="details-box" tabindex="0">
<div class="product__inner cc-tier2-higher-than-10-prod-blue-border">

<div class="product__info-wrapper">
<span class="product__name">Old Jamaica</span>
<div class="product__secondary-text">
<div>
zázvorové nealko pivo, 0,33 l. 
Záloha za vratný obal 0,15                            </div>
<span>Pôvodná cena:</span>
<span class="product__price-text">1,59
(1 l=4,82 €)                </span>
<div class="product__price-cc-text">
<span>s Clubcard:</span>
</div>
<span class="product__price-cc-text">1,19</span>
(1 l=3,61 €)        </div>
<div class="product__discount-percentage">
<div class="product__discount-normal-price">
1,59
</div>
<div class="discount-percentage__text">
<span>
-25
<span class="discount__percentage-sign">%</span>
</span>
</div>
</div>
<div class="product__price-wrapper-outer-box">
<div class="product__price-wrapper">
<div class="product__price ">
<span class="price__left-part">
1,19
</span>
</div>
<div class="product__cc-price-text">
Clubcard ceny
</div>
</div>
</div>
</div>
<div class="product__img-wrapper">
<div class="product__img-holder">
<img data-src="/img/opt/tescoce_sk/products/2022-12-28/png/old-jamaica-2002121564559-1-5k.png" src="/img/lq/tescoce_sk/products/2022-12-28/png/old-jamaica-2002121564559-1-5k.png" alt="Old Jamaica"//><noscript><img src="/img/opt/tescoce_sk/products/2022-12-28/png/old-jamaica-2002121564559-1-5k.png" alt="Old Jamaica"//></noscript>
</div>
<img
class="country-flag"
src=""
alt=""
/>
</div>
</div>                                                            </a>
<div class="shopping-list-parts">
<div class="add-button">
<i class="icon">
<svg viewBox="0 0 24 24" width="100%" height="100%">
<line x1="3" y1="12" x2="21" y2="12"></line>
<line x1="12" y1="3" x2="12" y2="21"></line>
</svg>
</i>
<div class="add-text ddl_link_inline address addtoshoppinglist">
<div>
<span class="label_wrapper">
<span class="label">Pridať do zoznamu</span>
</span>
</div>
</div>
<span class="added-text">Pridané do <a
href="/akciove-ponuky/nakupny-zoznam/"
title="zoznamu"
target="_blank">zoznamu</a></span>
</div>
<div class="add-item">
<div class="add-item__inner">
<div class="newddl-text-field newddl-quantity qty_div">
<div class="newddl-button blue icon-bg standalone search-icon no-float less-button disabled">
<i class="icon">
<svg viewBox="0 0 24 8" width="100%" height="100%">
<line x1="3" y1="4" x2="21" y2="4"></line>
</svg>
</i>
</div>
<input type="text" class="newddl-quantity-input qty" value="1" min="1"
tabindex="0">
<div class="newddl-button blue icon-bg standalone search-icon no-float more-button">
<i class="icon">
<svg viewBox="0 0 24 24" width="100%" height="100%">
<line x1="3" y1="12" x2="21" y2="12"></line>
<line x1="12" y1="3" x2="12" y2="21"></line>
</svg>
</i>
</div>
</div>
<div class="newddl-button blue secondary no-float no-icon min-width accept-button add_to_basket"
onclick="addToBasket(this)"
data-template="/akciove-ponuky/nakupny-zoznam"
data-prod_id="1217062">
<span class="link-label">
Pridať do zoznamu                                              </span>
</div>
<div class="cancel-link"><a href="#cancel"
title="Zrušiť"
tabindex="0">Zrušiť</a>
</div>
</div>
</div>
<div class="added-item" style="">
<p class="t2 nddl">Pridané do <a
href="/akciove-ponuky/nakupny-zoznam/"
title="zoznamu"
target="_blank"
tabindex="0">zoznamu</a>
</p>
<a href="/akciove-ponuky/nakupny-zoznam/"
class="newddl-button blue secondary no-float no-icon min-width edit-button"
title="Upraviť zoznam" target="_blank"
tabindex="0">
<span class="link-label">Upraviť zoznam</span>
</a>
</div>
</div>
</div>

</div>
<div class="a-productListing__productsGrid__element">
<div class="ddl-product-lol  xEqHeights soon-expire"
title="Pickwick čaj">
<div class="status-bar cf">
<div class="hovershowtooltip">
<div class="inner">
Ponuka je platná do 31.12.2022.
</div>
<div class="arrow-container">
<div class="arrow-down"></div>
<div class="arrow-down-fg"></div>
</div>
</div>
<a href="https://potravinydomov.itesco.sk/groceries/sk-SK/products/2002020032821"
class="newddl-button left transparent ghs-link"
tabindex="0" target="_blank">
<i class="icon">
<svg xmlns="http://www.w3.org/2000/svg"
xmlns:xlink="http://www.w3.org/1999/xlink"
style="width: 20px !important" height="13" viewBox="0 0 23 13">
<defs>
<path id="clxfa"
d="M33.33 21.44c.44.1.67.38.67.8v3.1c0 .47-.38.84-.84.84h-.9a2.2 2.2 0 0 1-2.18 1.8 2.2 2.2 0 0 1-2.17-1.8h-7.9a2.22 2.22 0 0 1-2.2 1.82c-1.1 0-2-.79-2.19-1.82h-1.66c-.97 0-1.15-.92-1.25-1.41l-1.04-4.25-.41-.27a.3.3 0 0 1-.14-.23L11 18.73c0-.84.66-1.5 1.48-1.5h2.3l-.14.15a.46.46 0 0 0 0 .66.47.47 0 0 0 .66 0l.8-.8h.01l2.11-2.1c.14-.14.41-.19.58-.09.15.09.24.24.24.4 0 .13-.05.24-.14.33l-1.47 1.46h4.39l-1.47-1.46a.46.46 0 0 1 .1-.73c.17-.1.43-.05.57.1L24 18.08c.08.06.18.1.28.1.17 0 .32-.09.4-.24.1-.17.05-.43-.09-.57l-.14-.14h2.31c.77 0 1.39.57 1.47 1.3h1.75c.22 0 .8 0 1.03.71l.8 1.94zM28.7 25.8c0 .75.62 1.36 1.37 1.36.86 0 1.54-.77 1.35-1.65-.1-.52-.53-.93-1.05-1.04a1.38 1.38 0 0 0-1.67 1.33zm-2.17-1c-.05.23-.12.44-.22.63h1.6a2.2 2.2 0 0 1 2.16-1.81c1.09 0 2 .76 2.18 1.8h.9c.04 0 .07-.03.07-.06v-3.11-.04l-.06-.01-1.7-.28a.39.39 0 0 1-.3-.23l-.9-2.2c-.05-.16-.08-.17-.29-.17h-1.77-.02l-.06.71a.3.3 0 0 1-.14.23l-.41.27zm-8.25-4.07a.42.42 0 0 0-.42.43l.29 2.69a.42.42 0 1 0 .83-.02l-.28-2.69a.42.42 0 0 0-.42-.4zm-3 3.15c.02.21.2.38.41.38h.04a.42.42 0 0 0 .38-.46l-.43-2.69a.41.41 0 0 0-.45-.38.42.42 0 0 0-.38.46zm2.53 3.27c.61 0 1.13-.4 1.3-.96h-2.6c.16.56.68.96 1.3.96zm4.11-6a.42.42 0 0 0-.41-.42.41.41 0 0 0-.42.4l-.28 2.72c0 .22.18.4.41.4.23 0 .42-.18.42-.39zm2.17 3.1c.22 0 .4-.16.42-.36l.43-2.71a.41.41 0 0 0-.38-.45.42.42 0 0 0-.45.37l-.43 2.71c-.01.11.02.22.1.3.07.09.17.14.28.15z"></path>
</defs>
<g>
<g clip-path="url(#clip-72B53A8F-48D2-421E-9EC9-9A8CE7DC52A1)"
transform="translate(-11 -15)">
<use fill="#00549e" stroke="none" xlink:href="#clxfa"></use>
</g>
</g>
</svg>
</i>
<div class="ddl_link_inline address shoponline"
style="display: inline-block; vertical-align: middle;">
<span class="link">
<span class="label_wrapper">
<span class="label">
Kúpiť teraz                                                    </span>
</span>
</span>
</div>
</a>
<div class="promo-countdown -lessThan48">

<i class="icon -lessThan48">
<svg xmlns="http://www.w3.org/2000/svg"
xmlns:xlink="http://www.w3.org/1999/xlink" width="22"
height="22" viewBox="0 0 22 22">
<defs>
<path id="ywjka"
d="M216.5 21a9.5 9.5 0 1 1-19 0 9.5 9.5 0 0 1 19 0z"/>
<path id="ywjkb" d="M207 14.5v7h-5"/>
</defs>
<g>
<g transform="translate(-196 -10)">
<use fill="#fff" fill-opacity="0" stroke="#fff"
stroke-miterlimit="50"
stroke-width="1.2" xlink:href="#ywjka"/>
</g>
<g transform="translate(-196 -10)">
<use fill="#fff" fill-opacity="0" stroke="#fff"
stroke-miterlimit="50"
stroke-width="1.2" xlink:href="#ywjkb"/>
</g>
</g>
</svg>
</i>

<i class="icon normal">
<svg xmlns="http://www.w3.org/2000/svg"
xmlns:xlink="http://www.w3.org/1999/xlink" width="22"
height="22" viewBox="0 0 22 22">
<defs>
<path id="ywjka"
d="M216.5 21a9.5 9.5 0 1 1-19 0 9.5 9.5 0 0 1 19 0z"/>
<path id="ywjkb" d="M207 14.5v7h-5"/>
</defs>
<g>
<g transform="translate(-196 -10)">
<use fill="#00539F" fill-opacity="0" stroke="#00539F"
stroke-miterlimit="50"
stroke-width="1.2" xlink:href="#ywjka"/>
</g>
<g transform="translate(-196 -10)">
<use fill="#00539F" fill-opacity="0" stroke="#00539F"
stroke-miterlimit="50"
stroke-width="1.2" xlink:href="#ywjkb"/>
</g>
</g>
</svg>
</i>

<div class="promo-countdown-wrapper">
<p>Zľava končí</p>
<b data-countdown="2023/01/01 0:00:00"
data-count-down-dur-locale="&quot;{\&quot;S\&quot;:\&quot;m\&quot;,\&quot;SS\&quot;:\&quot;m\&quot;,\&quot;s\&quot;:\&quot;d\&quot;,\&quot;ss\&quot;:\&quot;s\&quot;,\&quot;m\&quot;:\&quot;m\&quot;,\&quot;mm\&quot;:\&quot;m\&quot;,\&quot;h\&quot;:\&quot;h\&quot;,\&quot;hh\&quot;:\&quot;h\&quot;,\&quot;d\&quot;:\&quot;d\&quot;,\&quot;dd\&quot;:\&quot;d\&quot;,\&quot;w\&quot;:\&quot;t\&quot;,\&quot;ww\&quot;:\&quot;t\&quot;,\&quot;M\&quot;:\&quot;m\&quot;,\&quot;MM\&quot;:\&quot;m\&quot;,\&quot;y\&quot;:\&quot;r\&quot;,\&quot;yy\&quot;:\&quot;l\&quot;}&quot;"></b>
</div>
</div>
</div>
<a href="/akciove-ponuky/akciove-produkty/produkt/napoje/caje/pickwick-caj/"
class="details-box" tabindex="0">
<div class="product__inner cc-tier2-higher-than-10-prod-blue-border">

<div class="product__info-wrapper">
<span class="product__name">Pickwick čaj</span>
<div class="product__secondary-text">
<div>
ovocné pokušenie, 69 g                            </div>
<span>Pôvodná cena:</span>
<span class="product__price-text">4,99
(1 kg=72,32 €)                </span>
<div class="product__price-cc-text">
<span>s Clubcard:</span>
</div>
<span class="product__price-cc-text">3,99</span>
(1 kg=57,83 €)        </div>
<div class="product__discount-percentage">
<div class="product__discount-normal-price">
4,99
</div>
<div class="discount-percentage__text">
<span>
-20
<span class="discount__percentage-sign">%</span>
</span>
</div>
</div>
<div class="product__price-wrapper-outer-box">
<div class="product__price-wrapper">
<div class="product__price ">
<span class="price__left-part">
3,99
</span>
</div>
<div class="product__cc-price-text">
Clubcard ceny
</div>
</div>
</div>
</div>
<div class="product__img-wrapper">
<div class="product__img-holder">
<img data-src="/img/opt/tescoce_sk/products/2022-12-07/png/pickwick-caj-2002020032821-1-5k.png" src="/img/lq/tescoce_sk/products/2022-12-07/png/pickwick-caj-2002020032821-1-5k.png" alt="Pickwick čaj"//><noscript><img src="/img/opt/tescoce_sk/products/2022-12-07/png/pickwick-caj-2002020032821-1-5k.png" alt="Pickwick čaj"//></noscript>
</div>
<img
class="country-flag"
src=""
alt=""
/>
</div>
</div>                                                            </a>
<div class="shopping-list-parts">
<div class="add-button">
<i class="icon">
<svg viewBox="0 0 24 24" width="100%" height="100%">
<line x1="3" y1="12" x2="21" y2="12"></line>
<line x1="12" y1="3" x2="12" y2="21"></line>
</svg>
</i>
<div class="add-text ddl_link_inline address addtoshoppinglist">
<div>
<span class="label_wrapper">
<span class="label">Pridať do zoznamu</span>
</span>
</div>
</div>
<span class="added-text">Pridané do <a
href="/akciove-ponuky/nakupny-zoznam/"
title="zoznamu"
target="_blank">zoznamu</a></span>
</div>
<div class="add-item">
<div class="add-item__inner">
<div class="newddl-text-field newddl-quantity qty_div">
<div class="newddl-button blue icon-bg standalone search-icon no-float less-button disabled">
<i class="icon">
<svg viewBox="0 0 24 8" width="100%" height="100%">
<line x1="3" y1="4" x2="21" y2="4"></line>
</svg>
</i>
</div>
<input type="text" class="newddl-quantity-input qty" value="1" min="1"
tabindex="0">
<div class="newddl-button blue icon-bg standalone search-icon no-float more-button">
<i class="icon">
<svg viewBox="0 0 24 24" width="100%" height="100%">
<line x1="3" y1="12" x2="21" y2="12"></line>
<line x1="12" y1="3" x2="12" y2="21"></line>
</svg>
</i>
</div>
</div>
<div class="newddl-button blue secondary no-float no-icon min-width accept-button add_to_basket"
onclick="addToBasket(this)"
data-template="/akciove-ponuky/nakupny-zoznam"
data-prod_id="1205851">
<span class="link-label">
Pridať do zoznamu                                              </span>
</div>
<div class="cancel-link"><a href="#cancel"
title="Zrušiť"
tabindex="0">Zrušiť</a>
</div>
</div>
</div>
<div class="added-item" style="">
<p class="t2 nddl">Pridané do <a
href="/akciove-ponuky/nakupny-zoznam/"
title="zoznamu"
target="_blank"
tabindex="0">zoznamu</a>
</p>
<a href="/akciove-ponuky/nakupny-zoznam/"
class="newddl-button blue secondary no-float no-icon min-width edit-button"
title="Upraviť zoznam" target="_blank"
tabindex="0">
<span class="link-label">Upraviť zoznam</span>
</a>
</div>
</div>
</div>

</div>
<div class="a-productListing__productsGrid__element">
<div class="ddl-product-lol  xEqHeights soon-expire"
title="Pickwick Joy of Tea">
<div class="status-bar cf">
<div class="hovershowtooltip">
<div class="inner">
Ponuka je platná do 31.12.2022.
</div>
<div class="arrow-container">
<div class="arrow-down"></div>
<div class="arrow-down-fg"></div>
</div>
</div>
<a href="https://potravinydomov.itesco.sk/groceries/sk-SK/products/2002020339156"
class="newddl-button left transparent ghs-link"
tabindex="0" target="_blank">
<i class="icon">
<svg xmlns="http://www.w3.org/2000/svg"
xmlns:xlink="http://www.w3.org/1999/xlink"
style="width: 20px !important" height="13" viewBox="0 0 23 13">
<defs>
<path id="clxfa"
d="M33.33 21.44c.44.1.67.38.67.8v3.1c0 .47-.38.84-.84.84h-.9a2.2 2.2 0 0 1-2.18 1.8 2.2 2.2 0 0 1-2.17-1.8h-7.9a2.22 2.22 0 0 1-2.2 1.82c-1.1 0-2-.79-2.19-1.82h-1.66c-.97 0-1.15-.92-1.25-1.41l-1.04-4.25-.41-.27a.3.3 0 0 1-.14-.23L11 18.73c0-.84.66-1.5 1.48-1.5h2.3l-.14.15a.46.46 0 0 0 0 .66.47.47 0 0 0 .66 0l.8-.8h.01l2.11-2.1c.14-.14.41-.19.58-.09.15.09.24.24.24.4 0 .13-.05.24-.14.33l-1.47 1.46h4.39l-1.47-1.46a.46.46 0 0 1 .1-.73c.17-.1.43-.05.57.1L24 18.08c.08.06.18.1.28.1.17 0 .32-.09.4-.24.1-.17.05-.43-.09-.57l-.14-.14h2.31c.77 0 1.39.57 1.47 1.3h1.75c.22 0 .8 0 1.03.71l.8 1.94zM28.7 25.8c0 .75.62 1.36 1.37 1.36.86 0 1.54-.77 1.35-1.65-.1-.52-.53-.93-1.05-1.04a1.38 1.38 0 0 0-1.67 1.33zm-2.17-1c-.05.23-.12.44-.22.63h1.6a2.2 2.2 0 0 1 2.16-1.81c1.09 0 2 .76 2.18 1.8h.9c.04 0 .07-.03.07-.06v-3.11-.04l-.06-.01-1.7-.28a.39.39 0 0 1-.3-.23l-.9-2.2c-.05-.16-.08-.17-.29-.17h-1.77-.02l-.06.71a.3.3 0 0 1-.14.23l-.41.27zm-8.25-4.07a.42.42 0 0 0-.42.43l.29 2.69a.42.42 0 1 0 .83-.02l-.28-2.69a.42.42 0 0 0-.42-.4zm-3 3.15c.02.21.2.38.41.38h.04a.42.42 0 0 0 .38-.46l-.43-2.69a.41.41 0 0 0-.45-.38.42.42 0 0 0-.38.46zm2.53 3.27c.61 0 1.13-.4 1.3-.96h-2.6c.16.56.68.96 1.3.96zm4.11-6a.42.42 0 0 0-.41-.42.41.41 0 0 0-.42.4l-.28 2.72c0 .22.18.4.41.4.23 0 .42-.18.42-.39zm2.17 3.1c.22 0 .4-.16.42-.36l.43-2.71a.41.41 0 0 0-.38-.45.42.42 0 0 0-.45.37l-.43 2.71c-.01.11.02.22.1.3.07.09.17.14.28.15z"></path>
</defs>
<g>
<g clip-path="url(#clip-72B53A8F-48D2-421E-9EC9-9A8CE7DC52A1)"
transform="translate(-11 -15)">
<use fill="#00549e" stroke="none" xlink:href="#clxfa"></use>
</g>
</g>
</svg>
</i>
<div class="ddl_link_inline address shoponline"
style="display: inline-block; vertical-align: middle;">
<span class="link">
<span class="label_wrapper">
<span class="label">
Kúpiť teraz                                                    </span>
</span>
</span>
</div>
</a>
<div class="promo-countdown -lessThan48">

<i class="icon -lessThan48">
<svg xmlns="http://www.w3.org/2000/svg"
xmlns:xlink="http://www.w3.org/1999/xlink" width="22"
height="22" viewBox="0 0 22 22">
<defs>
<path id="ywjka"
d="M216.5 21a9.5 9.5 0 1 1-19 0 9.5 9.5 0 0 1 19 0z"/>
<path id="ywjkb" d="M207 14.5v7h-5"/>
</defs>
<g>
<g transform="translate(-196 -10)">
<use fill="#fff" fill-opacity="0" stroke="#fff"
stroke-miterlimit="50"
stroke-width="1.2" xlink:href="#ywjka"/>
</g>
<g transform="translate(-196 -10)">
<use fill="#fff" fill-opacity="0" stroke="#fff"
stroke-miterlimit="50"
stroke-width="1.2" xlink:href="#ywjkb"/>
</g>
</g>
</svg>
</i>

<i class="icon normal">
<svg xmlns="http://www.w3.org/2000/svg"
xmlns:xlink="http://www.w3.org/1999/xlink" width="22"
height="22" viewBox="0 0 22 22">
<defs>
<path id="ywjka"
d="M216.5 21a9.5 9.5 0 1 1-19 0 9.5 9.5 0 0 1 19 0z"/>
<path id="ywjkb" d="M207 14.5v7h-5"/>
</defs>
<g>
<g transform="translate(-196 -10)">
<use fill="#00539F" fill-opacity="0" stroke="#00539F"
stroke-miterlimit="50"
stroke-width="1.2" xlink:href="#ywjka"/>
</g>
<g transform="translate(-196 -10)">
<use fill="#00539F" fill-opacity="0" stroke="#00539F"
stroke-miterlimit="50"
stroke-width="1.2" xlink:href="#ywjkb"/>
</g>
</g>
</svg>
</i>

<div class="promo-countdown-wrapper">
<p>Zľava končí</p>
<b data-countdown="2023/01/01 0:00:00"
data-count-down-dur-locale="&quot;{\&quot;S\&quot;:\&quot;m\&quot;,\&quot;SS\&quot;:\&quot;m\&quot;,\&quot;s\&quot;:\&quot;d\&quot;,\&quot;ss\&quot;:\&quot;s\&quot;,\&quot;m\&quot;:\&quot;m\&quot;,\&quot;mm\&quot;:\&quot;m\&quot;,\&quot;h\&quot;:\&quot;h\&quot;,\&quot;hh\&quot;:\&quot;h\&quot;,\&quot;d\&quot;:\&quot;d\&quot;,\&quot;dd\&quot;:\&quot;d\&quot;,\&quot;w\&quot;:\&quot;t\&quot;,\&quot;ww\&quot;:\&quot;t\&quot;,\&quot;M\&quot;:\&quot;m\&quot;,\&quot;MM\&quot;:\&quot;m\&quot;,\&quot;y\&quot;:\&quot;r\&quot;,\&quot;yy\&quot;:\&quot;l\&quot;}&quot;"></b>
</div>
</div>
</div>
<a href="/akciove-ponuky/akciove-produkty/produkt/napoje/caje/pickwick-joy-of-tea/"
class="details-box" tabindex="0">
<div class="product__inner cc-tier2-higher-than-10-prod-blue-border">

<div class="product__info-wrapper">
<span class="product__name">Pickwick Joy of Tea</span>
<div class="product__secondary-text">
<div>
53 g                            </div>
<span>Pôvodná cena:</span>
<span class="product__price-text">9,99
(1 kg=188,49 €)                </span>
<div class="product__price-cc-text">
<span>s Clubcard:</span>
</div>
<span class="product__price-cc-text">7,49</span>
(1 kg=141,32 €)        </div>
<div class="product__discount-percentage">
<div class="product__discount-normal-price">
9,99
</div>
<div class="discount-percentage__text">
<span>
-25
<span class="discount__percentage-sign">%</span>
</span>
</div>
</div>
<div class="product__price-wrapper-outer-box">
<div class="product__price-wrapper">
<div class="product__price ">
<span class="price__left-part">
7,49
</span>
</div>
<div class="product__cc-price-text">
Clubcard ceny
</div>
</div>
</div>
</div>
<div class="product__img-wrapper">
<div class="product__img-holder">
<img data-src="/img/opt/tescoce_sk/products/2022-12-14/png/pickwick-caj-2002020339156-1-5k.png" src="/img/lq/tescoce_sk/products/2022-12-14/png/pickwick-caj-2002020339156-1-5k.png" alt="Pickwick Joy of Tea"//><noscript><img src="/img/opt/tescoce_sk/products/2022-12-14/png/pickwick-caj-2002020339156-1-5k.png" alt="Pickwick Joy of Tea"//></noscript>
</div>
<img
class="country-flag"
src=""
alt=""
/>
</div>
</div>                                                            </a>
<div class="shopping-list-parts">
<div class="add-button">
<i class="icon">
<svg viewBox="0 0 24 24" width="100%" height="100%">
<line x1="3" y1="12" x2="21" y2="12"></line>
<line x1="12" y1="3" x2="12" y2="21"></line>
</svg>
</i>
<div class="add-text ddl_link_inline address addtoshoppinglist">
<div>
<span class="label_wrapper">
<span class="label">Pridať do zoznamu</span>
</span>
</div>
</div>
<span class="added-text">Pridané do <a
href="/akciove-ponuky/nakupny-zoznam/"
title="zoznamu"
target="_blank">zoznamu</a></span>
</div>
<div class="add-item">
<div class="add-item__inner">
<div class="newddl-text-field newddl-quantity qty_div">
<div class="newddl-button blue icon-bg standalone search-icon no-float less-button disabled">
<i class="icon">
<svg viewBox="0 0 24 8" width="100%" height="100%">
<line x1="3" y1="4" x2="21" y2="4"></line>
</svg>
</i>
</div>
<input type="text" class="newddl-quantity-input qty" value="1" min="1"
tabindex="0">
<div class="newddl-button blue icon-bg standalone search-icon no-float more-button">
<i class="icon">
<svg viewBox="0 0 24 24" width="100%" height="100%">
<line x1="3" y1="12" x2="21" y2="12"></line>
<line x1="12" y1="3" x2="12" y2="21"></line>
</svg>
</i>
</div>
</div>
<div class="newddl-button blue secondary no-float no-icon min-width accept-button add_to_basket"
onclick="addToBasket(this)"
data-template="/akciove-ponuky/nakupny-zoznam"
data-prod_id="1211332">
<span class="link-label">
Pridať do zoznamu                                              </span>
</div>
<div class="cancel-link"><a href="#cancel"
title="Zrušiť"
tabindex="0">Zrušiť</a>
</div>
</div>
</div>
<div class="added-item" style="">
<p class="t2 nddl">Pridané do <a
href="/akciove-ponuky/nakupny-zoznam/"
title="zoznamu"
target="_blank"
tabindex="0">zoznamu</a>
</p>
<a href="/akciove-ponuky/nakupny-zoznam/"
class="newddl-button blue secondary no-float no-icon min-width edit-button"
title="Upraviť zoznam" target="_blank"
tabindex="0">
<span class="link-label">Upraviť zoznam</span>
</a>
</div>
</div>
</div>

</div>
<div class="a-productListing__productsGrid__element">
<div class="ddl-product-lol  xEqHeights soon-expire"
title="Pilsner Urquell">
<div class="status-bar cf">
<div class="hovershowtooltip">
<div class="inner">
Ponuka je platná do 31.12.2022.
</div>
<div class="arrow-container">
<div class="arrow-down"></div>
<div class="arrow-down-fg"></div>
</div>
</div>
<a href="https://potravinydomov.itesco.sk/groceries/sk-SK/products/2002120020370"
class="newddl-button left transparent ghs-link"
tabindex="0" target="_blank">
<i class="icon">
<svg xmlns="http://www.w3.org/2000/svg"
xmlns:xlink="http://www.w3.org/1999/xlink"
style="width: 20px !important" height="13" viewBox="0 0 23 13">
<defs>
<path id="clxfa"
d="M33.33 21.44c.44.1.67.38.67.8v3.1c0 .47-.38.84-.84.84h-.9a2.2 2.2 0 0 1-2.18 1.8 2.2 2.2 0 0 1-2.17-1.8h-7.9a2.22 2.22 0 0 1-2.2 1.82c-1.1 0-2-.79-2.19-1.82h-1.66c-.97 0-1.15-.92-1.25-1.41l-1.04-4.25-.41-.27a.3.3 0 0 1-.14-.23L11 18.73c0-.84.66-1.5 1.48-1.5h2.3l-.14.15a.46.46 0 0 0 0 .66.47.47 0 0 0 .66 0l.8-.8h.01l2.11-2.1c.14-.14.41-.19.58-.09.15.09.24.24.24.4 0 .13-.05.24-.14.33l-1.47 1.46h4.39l-1.47-1.46a.46.46 0 0 1 .1-.73c.17-.1.43-.05.57.1L24 18.08c.08.06.18.1.28.1.17 0 .32-.09.4-.24.1-.17.05-.43-.09-.57l-.14-.14h2.31c.77 0 1.39.57 1.47 1.3h1.75c.22 0 .8 0 1.03.71l.8 1.94zM28.7 25.8c0 .75.62 1.36 1.37 1.36.86 0 1.54-.77 1.35-1.65-.1-.52-.53-.93-1.05-1.04a1.38 1.38 0 0 0-1.67 1.33zm-2.17-1c-.05.23-.12.44-.22.63h1.6a2.2 2.2 0 0 1 2.16-1.81c1.09 0 2 .76 2.18 1.8h.9c.04 0 .07-.03.07-.06v-3.11-.04l-.06-.01-1.7-.28a.39.39 0 0 1-.3-.23l-.9-2.2c-.05-.16-.08-.17-.29-.17h-1.77-.02l-.06.71a.3.3 0 0 1-.14.23l-.41.27zm-8.25-4.07a.42.42 0 0 0-.42.43l.29 2.69a.42.42 0 1 0 .83-.02l-.28-2.69a.42.42 0 0 0-.42-.4zm-3 3.15c.02.21.2.38.41.38h.04a.42.42 0 0 0 .38-.46l-.43-2.69a.41.41 0 0 0-.45-.38.42.42 0 0 0-.38.46zm2.53 3.27c.61 0 1.13-.4 1.3-.96h-2.6c.16.56.68.96 1.3.96zm4.11-6a.42.42 0 0 0-.41-.42.41.41 0 0 0-.42.4l-.28 2.72c0 .22.18.4.41.4.23 0 .42-.18.42-.39zm2.17 3.1c.22 0 .4-.16.42-.36l.43-2.71a.41.41 0 0 0-.38-.45.42.42 0 0 0-.45.37l-.43 2.71c-.01.11.02.22.1.3.07.09.17.14.28.15z"></path>
</defs>
<g>
<g clip-path="url(#clip-72B53A8F-48D2-421E-9EC9-9A8CE7DC52A1)"
transform="translate(-11 -15)">
<use fill="#00549e" stroke="none" xlink:href="#clxfa"></use>
</g>
</g>
</svg>
</i>
<div class="ddl_link_inline address shoponline"
style="display: inline-block; vertical-align: middle;">
<span class="link">
<span class="label_wrapper">
<span class="label">
Kúpiť teraz                                                    </span>
</span>
</span>
</div>
</a>
<div class="promo-countdown -lessThan48">

<i class="icon -lessThan48">
<svg xmlns="http://www.w3.org/2000/svg"
xmlns:xlink="http://www.w3.org/1999/xlink" width="22"
height="22" viewBox="0 0 22 22">
<defs>
<path id="ywjka"
d="M216.5 21a9.5 9.5 0 1 1-19 0 9.5 9.5 0 0 1 19 0z"/>
<path id="ywjkb" d="M207 14.5v7h-5"/>
</defs>
<g>
<g transform="translate(-196 -10)">
<use fill="#fff" fill-opacity="0" stroke="#fff"
stroke-miterlimit="50"
stroke-width="1.2" xlink:href="#ywjka"/>
</g>
<g transform="translate(-196 -10)">
<use fill="#fff" fill-opacity="0" stroke="#fff"
stroke-miterlimit="50"
stroke-width="1.2" xlink:href="#ywjkb"/>
</g>
</g>
</svg>
</i>

<i class="icon normal">
<svg xmlns="http://www.w3.org/2000/svg"
xmlns:xlink="http://www.w3.org/1999/xlink" width="22"
height="22" viewBox="0 0 22 22">
<defs>
<path id="ywjka"
d="M216.5 21a9.5 9.5 0 1 1-19 0 9.5 9.5 0 0 1 19 0z"/>
<path id="ywjkb" d="M207 14.5v7h-5"/>
</defs>
<g>
<g transform="translate(-196 -10)">
<use fill="#00539F" fill-opacity="0" stroke="#00539F"
stroke-miterlimit="50"
stroke-width="1.2" xlink:href="#ywjka"/>
</g>
<g transform="translate(-196 -10)">
<use fill="#00539F" fill-opacity="0" stroke="#00539F"
stroke-miterlimit="50"
stroke-width="1.2" xlink:href="#ywjkb"/>
</g>
</g>
</svg>
</i>

<div class="promo-countdown-wrapper">
<p>Zľava končí</p>
<b data-countdown="2023/01/01 0:00:00"
data-count-down-dur-locale="&quot;{\&quot;S\&quot;:\&quot;m\&quot;,\&quot;SS\&quot;:\&quot;m\&quot;,\&quot;s\&quot;:\&quot;d\&quot;,\&quot;ss\&quot;:\&quot;s\&quot;,\&quot;m\&quot;:\&quot;m\&quot;,\&quot;mm\&quot;:\&quot;m\&quot;,\&quot;h\&quot;:\&quot;h\&quot;,\&quot;hh\&quot;:\&quot;h\&quot;,\&quot;d\&quot;:\&quot;d\&quot;,\&quot;dd\&quot;:\&quot;d\&quot;,\&quot;w\&quot;:\&quot;t\&quot;,\&quot;ww\&quot;:\&quot;t\&quot;,\&quot;M\&quot;:\&quot;m\&quot;,\&quot;MM\&quot;:\&quot;m\&quot;,\&quot;y\&quot;:\&quot;r\&quot;,\&quot;yy\&quot;:\&quot;l\&quot;}&quot;"></b>
</div>
</div>
</div>
<a href="/akciove-ponuky/akciove-produkty/produkt/napoje/piva/pilsner-urquell/"
class="details-box" tabindex="0">
<div class="product__inner cc-tier2-higher-than-10-prod-blue-border">

<div class="product__info-wrapper">
<span class="product__name">Pilsner Urquell</span>
<div class="product__secondary-text">
<div>
7 × 0,5 l 
Záloha za vratný obal 0,13                            </div>
<span>Pôvodná cena:</span>
<span class="product__price-text">9,49
(1 l=2,71 €)                </span>
<div class="product__price-cc-text">
<span>s Clubcard:</span>
</div>
<span class="product__price-cc-text">7,59</span>
(1 l=2,17 €)        </div>
<div class="product__discount-percentage">
<div class="product__discount-normal-price">
9,49
</div>
<div class="discount-percentage__text">
<span>
-20
<span class="discount__percentage-sign">%</span>
</span>
</div>
</div>
<div class="product__price-wrapper-outer-box">
<div class="product__price-wrapper">
<div class="product__price ">
<span class="price__left-part">
7,59
</span>
</div>
<div class="product__cc-price-text">
Clubcard ceny
</div>
</div>
</div>
</div>
<div class="product__img-wrapper">
<div class="product__img-holder">
<img data-src="/img/opt/tescoce_sk/products/2022-11-09/png/pilsner-urquell-2002120020370-1-5k.png" src="/img/lq/tescoce_sk/products/2022-11-09/png/pilsner-urquell-2002120020370-1-5k.png" alt="Pilsner Urquell"//><noscript><img src="/img/opt/tescoce_sk/products/2022-11-09/png/pilsner-urquell-2002120020370-1-5k.png" alt="Pilsner Urquell"//></noscript>
</div>
<img
class="country-flag"
src=""
alt=""
/>
</div>
</div>                                                            </a>
<div class="shopping-list-parts">
<div class="add-button">
<i class="icon">
<svg viewBox="0 0 24 24" width="100%" height="100%">
<line x1="3" y1="12" x2="21" y2="12"></line>
<line x1="12" y1="3" x2="12" y2="21"></line>
</svg>
</i>
<div class="add-text ddl_link_inline address addtoshoppinglist">
<div>
<span class="label_wrapper">
<span class="label">Pridať do zoznamu</span>
</span>
</div>
</div>
<span class="added-text">Pridané do <a
href="/akciove-ponuky/nakupny-zoznam/"
title="zoznamu"
target="_blank">zoznamu</a></span>
</div>
<div class="add-item">
<div class="add-item__inner">
<div class="newddl-text-field newddl-quantity qty_div">
<div class="newddl-button blue icon-bg standalone search-icon no-float less-button disabled">
<i class="icon">
<svg viewBox="0 0 24 8" width="100%" height="100%">
<line x1="3" y1="4" x2="21" y2="4"></line>
</svg>
</i>
</div>
<input type="text" class="newddl-quantity-input qty" value="1" min="1"
tabindex="0">
<div class="newddl-button blue icon-bg standalone search-icon no-float more-button">
<i class="icon">
<svg viewBox="0 0 24 24" width="100%" height="100%">
<line x1="3" y1="12" x2="21" y2="12"></line>
<line x1="12" y1="3" x2="12" y2="21"></line>
</svg>
</i>
</div>
</div>
<div class="newddl-button blue secondary no-float no-icon min-width accept-button add_to_basket"
onclick="addToBasket(this)"
data-template="/akciove-ponuky/nakupny-zoznam"
data-prod_id="1187582">
<span class="link-label">
Pridať do zoznamu                                              </span>
</div>
<div class="cancel-link"><a href="#cancel"
title="Zrušiť"
tabindex="0">Zrušiť</a>
</div>
</div>
</div>
<div class="added-item" style="">
<p class="t2 nddl">Pridané do <a
href="/akciove-ponuky/nakupny-zoznam/"
title="zoznamu"
target="_blank"
tabindex="0">zoznamu</a>
</p>
<a href="/akciove-ponuky/nakupny-zoznam/"
class="newddl-button blue secondary no-float no-icon min-width edit-button"
title="Upraviť zoznam" target="_blank"
tabindex="0">
<span class="link-label">Upraviť zoznam</span>
</a>
</div>
</div>
</div>

</div>
<div class="a-productListing__productsGrid__element">
<div class="ddl-product-lol  xEqHeights soon-expire"
title="Popradská extra špeciál">
<div class="status-bar cf">
<div class="hovershowtooltip">
<div class="inner">
Ponuka je platná do 10.01.2023.
</div>
<div class="arrow-container">
<div class="arrow-down"></div>
<div class="arrow-down-fg"></div>
</div>
</div>
<a href="https://potravinydomov.itesco.sk/groceries/sk-SK/products/2002006247982"
class="newddl-button left transparent ghs-link"
tabindex="0" target="_blank">
<i class="icon">
<svg xmlns="http://www.w3.org/2000/svg"
xmlns:xlink="http://www.w3.org/1999/xlink"
style="width: 20px !important" height="13" viewBox="0 0 23 13">
<defs>
<path id="clxfa"
d="M33.33 21.44c.44.1.67.38.67.8v3.1c0 .47-.38.84-.84.84h-.9a2.2 2.2 0 0 1-2.18 1.8 2.2 2.2 0 0 1-2.17-1.8h-7.9a2.22 2.22 0 0 1-2.2 1.82c-1.1 0-2-.79-2.19-1.82h-1.66c-.97 0-1.15-.92-1.25-1.41l-1.04-4.25-.41-.27a.3.3 0 0 1-.14-.23L11 18.73c0-.84.66-1.5 1.48-1.5h2.3l-.14.15a.46.46 0 0 0 0 .66.47.47 0 0 0 .66 0l.8-.8h.01l2.11-2.1c.14-.14.41-.19.58-.09.15.09.24.24.24.4 0 .13-.05.24-.14.33l-1.47 1.46h4.39l-1.47-1.46a.46.46 0 0 1 .1-.73c.17-.1.43-.05.57.1L24 18.08c.08.06.18.1.28.1.17 0 .32-.09.4-.24.1-.17.05-.43-.09-.57l-.14-.14h2.31c.77 0 1.39.57 1.47 1.3h1.75c.22 0 .8 0 1.03.71l.8 1.94zM28.7 25.8c0 .75.62 1.36 1.37 1.36.86 0 1.54-.77 1.35-1.65-.1-.52-.53-.93-1.05-1.04a1.38 1.38 0 0 0-1.67 1.33zm-2.17-1c-.05.23-.12.44-.22.63h1.6a2.2 2.2 0 0 1 2.16-1.81c1.09 0 2 .76 2.18 1.8h.9c.04 0 .07-.03.07-.06v-3.11-.04l-.06-.01-1.7-.28a.39.39 0 0 1-.3-.23l-.9-2.2c-.05-.16-.08-.17-.29-.17h-1.77-.02l-.06.71a.3.3 0 0 1-.14.23l-.41.27zm-8.25-4.07a.42.42 0 0 0-.42.43l.29 2.69a.42.42 0 1 0 .83-.02l-.28-2.69a.42.42 0 0 0-.42-.4zm-3 3.15c.02.21.2.38.41.38h.04a.42.42 0 0 0 .38-.46l-.43-2.69a.41.41 0 0 0-.45-.38.42.42 0 0 0-.38.46zm2.53 3.27c.61 0 1.13-.4 1.3-.96h-2.6c.16.56.68.96 1.3.96zm4.11-6a.42.42 0 0 0-.41-.42.41.41 0 0 0-.42.4l-.28 2.72c0 .22.18.4.41.4.23 0 .42-.18.42-.39zm2.17 3.1c.22 0 .4-.16.42-.36l.43-2.71a.41.41 0 0 0-.38-.45.42.42 0 0 0-.45.37l-.43 2.71c-.01.11.02.22.1.3.07.09.17.14.28.15z"></path>
</defs>
<g>
<g clip-path="url(#clip-72B53A8F-48D2-421E-9EC9-9A8CE7DC52A1)"
transform="translate(-11 -15)">
<use fill="#00549e" stroke="none" xlink:href="#clxfa"></use>
</g>
</g>
</svg>
</i>
<div class="ddl_link_inline address shoponline"
style="display: inline-block; vertical-align: middle;">
<span class="link">
<span class="label_wrapper">
<span class="label">
Kúpiť teraz                                                    </span>
</span>
</span>
</div>
</a>
<div class="promo-countdown">

<i class="icon -lessThan48">
<svg xmlns="http://www.w3.org/2000/svg"
xmlns:xlink="http://www.w3.org/1999/xlink" width="22"
height="22" viewBox="0 0 22 22">
<defs>
<path id="ywjka"
d="M216.5 21a9.5 9.5 0 1 1-19 0 9.5 9.5 0 0 1 19 0z"/>
<path id="ywjkb" d="M207 14.5v7h-5"/>
</defs>
<g>
<g transform="translate(-196 -10)">
<use fill="#fff" fill-opacity="0" stroke="#fff"
stroke-miterlimit="50"
stroke-width="1.2" xlink:href="#ywjka"/>
</g>
<g transform="translate(-196 -10)">
<use fill="#fff" fill-opacity="0" stroke="#fff"
stroke-miterlimit="50"
stroke-width="1.2" xlink:href="#ywjkb"/>
</g>
</g>
</svg>
</i>

<i class="icon normal">
<svg xmlns="http://www.w3.org/2000/svg"
xmlns:xlink="http://www.w3.org/1999/xlink" width="22"
height="22" viewBox="0 0 22 22">
<defs>
<path id="ywjka"
d="M216.5 21a9.5 9.5 0 1 1-19 0 9.5 9.5 0 0 1 19 0z"/>
<path id="ywjkb" d="M207 14.5v7h-5"/>
</defs>
<g>
<g transform="translate(-196 -10)">
<use fill="#00539F" fill-opacity="0" stroke="#00539F"
stroke-miterlimit="50"
stroke-width="1.2" xlink:href="#ywjka"/>
</g>
<g transform="translate(-196 -10)">
<use fill="#00539F" fill-opacity="0" stroke="#00539F"
stroke-miterlimit="50"
stroke-width="1.2" xlink:href="#ywjkb"/>
</g>
</g>
</svg>
</i>

<div class="promo-countdown-wrapper">
<p>Zľava končí</p>
<b data-countdown="2023/01/11 0:00:00"
data-count-down-dur-locale="&quot;{\&quot;S\&quot;:\&quot;m\&quot;,\&quot;SS\&quot;:\&quot;m\&quot;,\&quot;s\&quot;:\&quot;d\&quot;,\&quot;ss\&quot;:\&quot;s\&quot;,\&quot;m\&quot;:\&quot;m\&quot;,\&quot;mm\&quot;:\&quot;m\&quot;,\&quot;h\&quot;:\&quot;h\&quot;,\&quot;hh\&quot;:\&quot;h\&quot;,\&quot;d\&quot;:\&quot;d\&quot;,\&quot;dd\&quot;:\&quot;d\&quot;,\&quot;w\&quot;:\&quot;t\&quot;,\&quot;ww\&quot;:\&quot;t\&quot;,\&quot;M\&quot;:\&quot;m\&quot;,\&quot;MM\&quot;:\&quot;m\&quot;,\&quot;y\&quot;:\&quot;r\&quot;,\&quot;yy\&quot;:\&quot;l\&quot;}&quot;"></b>
</div>
</div>
</div>
<a href="/akciove-ponuky/akciove-produkty/produkt/napoje/kava-a-teple-napoje/popradska-extra-special/"
class="details-box" tabindex="0">
<div class="product__inner cc-tier2-higher-than-10-prod-blue-border">

<div class="product__info-wrapper">
<span class="product__name">Popradská extra špeciál</span>
<div class="product__secondary-text">
<div>
pražená mletá káva, 250 g                            </div>
<span>Pôvodná cena:</span>
<span class="product__price-text">5,09
(1 kg=20,36 €)                </span>
<div class="product__price-cc-text">
<span>s Clubcard:</span>
</div>
<span class="product__price-cc-text">3,19</span>
(1 kg=12,76 €)        </div>
<div class="product__discount-percentage">
<div class="product__discount-normal-price">
5,09
</div>
<div class="discount-percentage__text">
<span>
-37
<span class="discount__percentage-sign">%</span>
</span>
</div>
</div>
<div class="product__price-wrapper-outer-box">
<div class="product__price-wrapper">
<div class="product__price ">
<span class="price__left-part">
3,19
</span>
</div>
<div class="product__cc-price-text">
Clubcard ceny
</div>
</div>
</div>
</div>
<div class="product__img-wrapper">
<div class="product__img-holder">
<img data-src="/img/opt/tescoce_sk/products/2022-12-28/png/popradska-kava-extra-special-2002006247982-1-5k.png" src="/img/lq/tescoce_sk/products/2022-12-28/png/popradska-kava-extra-special-2002006247982-1-5k.png" alt="Popradská extra špeciál"//><noscript><img src="/img/opt/tescoce_sk/products/2022-12-28/png/popradska-kava-extra-special-2002006247982-1-5k.png" alt="Popradská extra špeciál"//></noscript>
</div>
<img
class="country-flag"
src="/img/npc/flags/slovak.svg"
alt="szlovák zászló"
/>
</div>
</div>                                                            </a>
<div class="shopping-list-parts">
<div class="add-button">
<i class="icon">
<svg viewBox="0 0 24 24" width="100%" height="100%">
<line x1="3" y1="12" x2="21" y2="12"></line>
<line x1="12" y1="3" x2="12" y2="21"></line>
</svg>
</i>
<div class="add-text ddl_link_inline address addtoshoppinglist">
<div>
<span class="label_wrapper">
<span class="label">Pridať do zoznamu</span>
</span>
</div>
</div>
<span class="added-text">Pridané do <a
href="/akciove-ponuky/nakupny-zoznam/"
title="zoznamu"
target="_blank">zoznamu</a></span>
</div>
<div class="add-item">
<div class="add-item__inner">
<div class="newddl-text-field newddl-quantity qty_div">
<div class="newddl-button blue icon-bg standalone search-icon no-float less-button disabled">
<i class="icon">
<svg viewBox="0 0 24 8" width="100%" height="100%">
<line x1="3" y1="4" x2="21" y2="4"></line>
</svg>
</i>
</div>
<input type="text" class="newddl-quantity-input qty" value="1" min="1"
tabindex="0">
<div class="newddl-button blue icon-bg standalone search-icon no-float more-button">
<i class="icon">
<svg viewBox="0 0 24 24" width="100%" height="100%">
<line x1="3" y1="12" x2="21" y2="12"></line>
<line x1="12" y1="3" x2="12" y2="21"></line>
</svg>
</i>
</div>
</div>
<div class="newddl-button blue secondary no-float no-icon min-width accept-button add_to_basket"
onclick="addToBasket(this)"
data-template="/akciove-ponuky/nakupny-zoznam"
data-prod_id="1215882">
<span class="link-label">
Pridať do zoznamu                                              </span>
</div>
<div class="cancel-link"><a href="#cancel"
title="Zrušiť"
tabindex="0">Zrušiť</a>
</div>
</div>
</div>
<div class="added-item" style="">
<p class="t2 nddl">Pridané do <a
href="/akciove-ponuky/nakupny-zoznam/"
title="zoznamu"
target="_blank"
tabindex="0">zoznamu</a>
</p>
<a href="/akciove-ponuky/nakupny-zoznam/"
class="newddl-button blue secondary no-float no-icon min-width edit-button"
title="Upraviť zoznam" target="_blank"
tabindex="0">
<span class="link-label">Upraviť zoznam</span>
</a>
</div>
</div>
</div>

</div>
<div class="a-productListing__productsGrid__element">
<div class="ddl-product-lol  xEqHeights soon-expire"
title="Primat">
<div class="status-bar cf">
<div class="promo-countdown">

<i class="icon -lessThan48">
<svg xmlns="http://www.w3.org/2000/svg"
xmlns:xlink="http://www.w3.org/1999/xlink" width="22"
height="22" viewBox="0 0 22 22">
<defs>
<path id="ywjka"
d="M216.5 21a9.5 9.5 0 1 1-19 0 9.5 9.5 0 0 1 19 0z"/>
<path id="ywjkb" d="M207 14.5v7h-5"/>
</defs>
<g>
<g transform="translate(-196 -10)">
<use fill="#fff" fill-opacity="0" stroke="#fff"
stroke-miterlimit="50"
stroke-width="1.2" xlink:href="#ywjka"/>
</g>
<g transform="translate(-196 -10)">
<use fill="#fff" fill-opacity="0" stroke="#fff"
stroke-miterlimit="50"
stroke-width="1.2" xlink:href="#ywjkb"/>
</g>
</g>
</svg>
</i>

<i class="icon normal">
<svg xmlns="http://www.w3.org/2000/svg"
xmlns:xlink="http://www.w3.org/1999/xlink" width="22"
height="22" viewBox="0 0 22 22">
<defs>
<path id="ywjka"
d="M216.5 21a9.5 9.5 0 1 1-19 0 9.5 9.5 0 0 1 19 0z"/>
<path id="ywjkb" d="M207 14.5v7h-5"/>
</defs>
<g>
<g transform="translate(-196 -10)">
<use fill="#00539F" fill-opacity="0" stroke="#00539F"
stroke-miterlimit="50"
stroke-width="1.2" xlink:href="#ywjka"/>
</g>
<g transform="translate(-196 -10)">
<use fill="#00539F" fill-opacity="0" stroke="#00539F"
stroke-miterlimit="50"
stroke-width="1.2" xlink:href="#ywjkb"/>
</g>
</g>
</svg>
</i>

<div class="promo-countdown-wrapper">
<p>Zľava končí</p>
<b data-countdown="2023/01/04 0:00:00"
data-count-down-dur-locale="&quot;{\&quot;S\&quot;:\&quot;m\&quot;,\&quot;SS\&quot;:\&quot;m\&quot;,\&quot;s\&quot;:\&quot;d\&quot;,\&quot;ss\&quot;:\&quot;s\&quot;,\&quot;m\&quot;:\&quot;m\&quot;,\&quot;mm\&quot;:\&quot;m\&quot;,\&quot;h\&quot;:\&quot;h\&quot;,\&quot;hh\&quot;:\&quot;h\&quot;,\&quot;d\&quot;:\&quot;d\&quot;,\&quot;dd\&quot;:\&quot;d\&quot;,\&quot;w\&quot;:\&quot;t\&quot;,\&quot;ww\&quot;:\&quot;t\&quot;,\&quot;M\&quot;:\&quot;m\&quot;,\&quot;MM\&quot;:\&quot;m\&quot;,\&quot;y\&quot;:\&quot;r\&quot;,\&quot;yy\&quot;:\&quot;l\&quot;}&quot;"></b>
</div>
</div>
</div>
<a href="/akciove-ponuky/akciove-produkty/produkt/napoje/liehoviny-a-likery/primat/"
class="details-box" tabindex="0">
<div class="product__inner cc-tier2-higher-than-10-prod-blue-border">

<div class="product__info-wrapper">
<span class="product__name">Primat</span>
<div class="product__secondary-text">
<div>
Bianco, 1 l                            </div>
<span>Pôvodná cena:</span>
<span class="product__price-text">3,89
(1 l=3,89 €)                </span>
<div class="product__price-cc-text">
<span>s Clubcard:</span>
</div>
<span class="product__price-cc-text">2,99</span>
(1 l=2,99 €)        </div>
<div class="product__discount-percentage">
<div class="product__discount-normal-price">
3,89
</div>
<div class="discount-percentage__text">
<span>
-23
<span class="discount__percentage-sign">%</span>
</span>
</div>
</div>
<div class="product__price-wrapper-outer-box">
<div class="product__price-wrapper">
<div class="product__price ">
<span class="price__left-part">
2,99
</span>
</div>
<div class="product__cc-price-text">
Clubcard ceny
</div>
</div>
</div>
</div>
<div class="product__img-wrapper">
<div class="product__img-holder">
<img data-src="/img/opt/tescoce_sk/products/2022-12-07/png/primat-2002120650142-1-5k.png" src="/img/lq/tescoce_sk/products/2022-12-07/png/primat-2002120650142-1-5k.png" alt="Primat"//><noscript><img src="/img/opt/tescoce_sk/products/2022-12-07/png/primat-2002120650142-1-5k.png" alt="Primat"//></noscript>
</div>
<img
class="country-flag"
src=""
alt=""
/>
</div>
</div>                                                            </a>
<div class="shopping-list-parts">
<div class="add-button">
<i class="icon">
<svg viewBox="0 0 24 24" width="100%" height="100%">
<line x1="3" y1="12" x2="21" y2="12"></line>
<line x1="12" y1="3" x2="12" y2="21"></line>
</svg>
</i>
<div class="add-text ddl_link_inline address addtoshoppinglist">
<div>
<span class="label_wrapper">
<span class="label">Pridať do zoznamu</span>
</span>
</div>
</div>
<span class="added-text">Pridané do <a
href="/akciove-ponuky/nakupny-zoznam/"
title="zoznamu"
target="_blank">zoznamu</a></span>
</div>
<div class="add-item">
<div class="add-item__inner">
<div class="newddl-text-field newddl-quantity qty_div">
<div class="newddl-button blue icon-bg standalone search-icon no-float less-button disabled">
<i class="icon">
<svg viewBox="0 0 24 8" width="100%" height="100%">
<line x1="3" y1="4" x2="21" y2="4"></line>
</svg>
</i>
</div>
<input type="text" class="newddl-quantity-input qty" value="1" min="1"
tabindex="0">
<div class="newddl-button blue icon-bg standalone search-icon no-float more-button">
<i class="icon">
<svg viewBox="0 0 24 24" width="100%" height="100%">
<line x1="3" y1="12" x2="21" y2="12"></line>
<line x1="12" y1="3" x2="12" y2="21"></line>
</svg>
</i>
</div>
</div>
<div class="newddl-button blue secondary no-float no-icon min-width accept-button add_to_basket"
onclick="addToBasket(this)"
data-template="/akciove-ponuky/nakupny-zoznam"
data-prod_id="1209782">
<span class="link-label">
Pridať do zoznamu                                              </span>
</div>
<div class="cancel-link"><a href="#cancel"
title="Zrušiť"
tabindex="0">Zrušiť</a>
</div>
</div>
</div>
<div class="added-item" style="">
<p class="t2 nddl">Pridané do <a
href="/akciove-ponuky/nakupny-zoznam/"
title="zoznamu"
target="_blank"
tabindex="0">zoznamu</a>
</p>
<a href="/akciove-ponuky/nakupny-zoznam/"
class="newddl-button blue secondary no-float no-icon min-width edit-button"
title="Upraviť zoznam" target="_blank"
tabindex="0">
<span class="link-label">Upraviť zoznam</span>
</a>
</div>
</div>
</div>

</div>
<div class="a-productListing__productsGrid__element">
<div class="ddl-product-lol  xEqHeights soon-expire"
title="Professorado rum 38%">
<div class="status-bar cf">
<div class="promo-countdown -lessThan48">

<i class="icon -lessThan48">
<svg xmlns="http://www.w3.org/2000/svg"
xmlns:xlink="http://www.w3.org/1999/xlink" width="22"
height="22" viewBox="0 0 22 22">
<defs>
<path id="ywjka"
d="M216.5 21a9.5 9.5 0 1 1-19 0 9.5 9.5 0 0 1 19 0z"/>
<path id="ywjkb" d="M207 14.5v7h-5"/>
</defs>
<g>
<g transform="translate(-196 -10)">
<use fill="#fff" fill-opacity="0" stroke="#fff"
stroke-miterlimit="50"
stroke-width="1.2" xlink:href="#ywjka"/>
</g>
<g transform="translate(-196 -10)">
<use fill="#fff" fill-opacity="0" stroke="#fff"
stroke-miterlimit="50"
stroke-width="1.2" xlink:href="#ywjkb"/>
</g>
</g>
</svg>
</i>

<i class="icon normal">
<svg xmlns="http://www.w3.org/2000/svg"
xmlns:xlink="http://www.w3.org/1999/xlink" width="22"
height="22" viewBox="0 0 22 22">
<defs>
<path id="ywjka"
d="M216.5 21a9.5 9.5 0 1 1-19 0 9.5 9.5 0 0 1 19 0z"/>
<path id="ywjkb" d="M207 14.5v7h-5"/>
</defs>
<g>
<g transform="translate(-196 -10)">
<use fill="#00539F" fill-opacity="0" stroke="#00539F"
stroke-miterlimit="50"
stroke-width="1.2" xlink:href="#ywjka"/>
</g>
<g transform="translate(-196 -10)">
<use fill="#00539F" fill-opacity="0" stroke="#00539F"
stroke-miterlimit="50"
stroke-width="1.2" xlink:href="#ywjkb"/>
</g>
</g>
</svg>
</i>

<div class="promo-countdown-wrapper">
<p>Zľava končí</p>
<b data-countdown="2023/01/01 0:00:00"
data-count-down-dur-locale="&quot;{\&quot;S\&quot;:\&quot;m\&quot;,\&quot;SS\&quot;:\&quot;m\&quot;,\&quot;s\&quot;:\&quot;d\&quot;,\&quot;ss\&quot;:\&quot;s\&quot;,\&quot;m\&quot;:\&quot;m\&quot;,\&quot;mm\&quot;:\&quot;m\&quot;,\&quot;h\&quot;:\&quot;h\&quot;,\&quot;hh\&quot;:\&quot;h\&quot;,\&quot;d\&quot;:\&quot;d\&quot;,\&quot;dd\&quot;:\&quot;d\&quot;,\&quot;w\&quot;:\&quot;t\&quot;,\&quot;ww\&quot;:\&quot;t\&quot;,\&quot;M\&quot;:\&quot;m\&quot;,\&quot;MM\&quot;:\&quot;m\&quot;,\&quot;y\&quot;:\&quot;r\&quot;,\&quot;yy\&quot;:\&quot;l\&quot;}&quot;"></b>
</div>
</div>
</div>
<a href="/akciove-ponuky/akciove-produkty/produkt/napoje/liehoviny-a-likery/professorado-rum-38/"
class="details-box" tabindex="0">
<div class="product__inner cc-tier2-higher-than-10-prod-blue-border">

<div class="product__info-wrapper">
<span class="product__name">Professorado rum 38%</span>
<div class="product__secondary-text">
<div>
0,5 l + 2 poháre                            </div>
<span>Pôvodná cena:</span>
<span class="product__price-text">18,99
(1 l=37,98 €)                </span>
<div class="product__price-cc-text">
<span>s Clubcard:</span>
</div>
<span class="product__price-cc-text">15,19</span>
(1 l=30,38 €)        </div>
<div class="product__discount-percentage">
<div class="product__discount-normal-price">
18,99
</div>
<div class="discount-percentage__text">
<span>
-20
<span class="discount__percentage-sign">%</span>
</span>
</div>
</div>
<div class="product__price-wrapper-outer-box">
<div class="product__price-wrapper">
<div class="product__price ">
<span class="price__left-part">
15,19
</span>
</div>
<div class="product__cc-price-text">
Clubcard ceny
</div>
</div>
</div>
</div>
<div class="product__img-wrapper">
<div class="product__img-holder">
<img data-src="/img/opt/tescoce_sk/products/2022-11-16/png/professore-rum-38-2002020323962-1-5k.png" src="/img/lq/tescoce_sk/products/2022-11-16/png/professore-rum-38-2002020323962-1-5k.png" alt="Professorado rum 38%"//><noscript><img src="/img/opt/tescoce_sk/products/2022-11-16/png/professore-rum-38-2002020323962-1-5k.png" alt="Professorado rum 38%"//></noscript>
</div>
<img
class="country-flag"
src="/img/npc/flags/slovak.svg"
alt="szlovák zászló"
/>
</div>
</div>                                                            </a>
<div class="shopping-list-parts">
<div class="add-button">
<i class="icon">
<svg viewBox="0 0 24 24" width="100%" height="100%">
<line x1="3" y1="12" x2="21" y2="12"></line>
<line x1="12" y1="3" x2="12" y2="21"></line>
</svg>
</i>
<div class="add-text ddl_link_inline address addtoshoppinglist">
<div>
<span class="label_wrapper">
<span class="label">Pridať do zoznamu</span>
</span>
</div>
</div>
<span class="added-text">Pridané do <a
href="/akciove-ponuky/nakupny-zoznam/"
title="zoznamu"
target="_blank">zoznamu</a></span>
</div>
<div class="add-item">
<div class="add-item__inner">
<div class="newddl-text-field newddl-quantity qty_div">
<div class="newddl-button blue icon-bg standalone search-icon no-float less-button disabled">
<i class="icon">
<svg viewBox="0 0 24 8" width="100%" height="100%">
<line x1="3" y1="4" x2="21" y2="4"></line>
</svg>
</i>
</div>
<input type="text" class="newddl-quantity-input qty" value="1" min="1"
tabindex="0">
<div class="newddl-button blue icon-bg standalone search-icon no-float more-button">
<i class="icon">
<svg viewBox="0 0 24 24" width="100%" height="100%">
<line x1="3" y1="12" x2="21" y2="12"></line>
<line x1="12" y1="3" x2="12" y2="21"></line>
</svg>
</i>
</div>
</div>
<div class="newddl-button blue secondary no-float no-icon min-width accept-button add_to_basket"
onclick="addToBasket(this)"
data-template="/akciove-ponuky/nakupny-zoznam"
data-prod_id="1189962">
<span class="link-label">
Pridať do zoznamu                                              </span>
</div>
<div class="cancel-link"><a href="#cancel"
title="Zrušiť"
tabindex="0">Zrušiť</a>
</div>
</div>
</div>
<div class="added-item" style="">
<p class="t2 nddl">Pridané do <a
href="/akciove-ponuky/nakupny-zoznam/"
title="zoznamu"
target="_blank"
tabindex="0">zoznamu</a>
</p>
<a href="/akciove-ponuky/nakupny-zoznam/"
class="newddl-button blue secondary no-float no-icon min-width edit-button"
title="Upraviť zoznam" target="_blank"
tabindex="0">
<span class="link-label">Upraviť zoznam</span>
</a>
</div>
</div>
</div>

</div>
<div class="a-productListing__productsGrid__element">
<div class="ddl-product-lol  xEqHeights soon-expire"
title="Pukka darčeková dóza s čajmi">
<div class="status-bar cf">
<div class="promo-countdown -lessThan48">

<i class="icon -lessThan48">
<svg xmlns="http://www.w3.org/2000/svg"
xmlns:xlink="http://www.w3.org/1999/xlink" width="22"
height="22" viewBox="0 0 22 22">
<defs>
<path id="ywjka"
d="M216.5 21a9.5 9.5 0 1 1-19 0 9.5 9.5 0 0 1 19 0z"/>
<path id="ywjkb" d="M207 14.5v7h-5"/>
</defs>
<g>
<g transform="translate(-196 -10)">
<use fill="#fff" fill-opacity="0" stroke="#fff"
stroke-miterlimit="50"
stroke-width="1.2" xlink:href="#ywjka"/>
</g>
<g transform="translate(-196 -10)">
<use fill="#fff" fill-opacity="0" stroke="#fff"
stroke-miterlimit="50"
stroke-width="1.2" xlink:href="#ywjkb"/>
</g>
</g>
</svg>
</i>

<i class="icon normal">
<svg xmlns="http://www.w3.org/2000/svg"
xmlns:xlink="http://www.w3.org/1999/xlink" width="22"
height="22" viewBox="0 0 22 22">
<defs>
<path id="ywjka"
d="M216.5 21a9.5 9.5 0 1 1-19 0 9.5 9.5 0 0 1 19 0z"/>
<path id="ywjkb" d="M207 14.5v7h-5"/>
</defs>
<g>
<g transform="translate(-196 -10)">
<use fill="#00539F" fill-opacity="0" stroke="#00539F"
stroke-miterlimit="50"
stroke-width="1.2" xlink:href="#ywjka"/>
</g>
<g transform="translate(-196 -10)">
<use fill="#00539F" fill-opacity="0" stroke="#00539F"
stroke-miterlimit="50"
stroke-width="1.2" xlink:href="#ywjkb"/>
</g>
</g>
</svg>
</i>

<div class="promo-countdown-wrapper">
<p>Zľava končí</p>
<b data-countdown="2023/01/01 0:00:00"
data-count-down-dur-locale="&quot;{\&quot;S\&quot;:\&quot;m\&quot;,\&quot;SS\&quot;:\&quot;m\&quot;,\&quot;s\&quot;:\&quot;d\&quot;,\&quot;ss\&quot;:\&quot;s\&quot;,\&quot;m\&quot;:\&quot;m\&quot;,\&quot;mm\&quot;:\&quot;m\&quot;,\&quot;h\&quot;:\&quot;h\&quot;,\&quot;hh\&quot;:\&quot;h\&quot;,\&quot;d\&quot;:\&quot;d\&quot;,\&quot;dd\&quot;:\&quot;d\&quot;,\&quot;w\&quot;:\&quot;t\&quot;,\&quot;ww\&quot;:\&quot;t\&quot;,\&quot;M\&quot;:\&quot;m\&quot;,\&quot;MM\&quot;:\&quot;m\&quot;,\&quot;y\&quot;:\&quot;r\&quot;,\&quot;yy\&quot;:\&quot;l\&quot;}&quot;"></b>
</div>
</div>
</div>
<a href="/akciove-ponuky/akciove-produkty/produkt/napoje/caje/pukka-darcekova-doza-s-cajmi/"
class="details-box" tabindex="0">
<div class="product__inner cc-tier2-higher-than-10-prod-blue-border">

<div class="product__info-wrapper">
<span class="product__name">Pukka darčeková dóza s čajmi</span>
<div class="product__secondary-text">
<div>
60 g                            </div>
<span>Pôvodná cena:</span>
<span class="product__price-text">15,99
(1 kg=266,50 €)                </span>
<div class="product__price-cc-text">
<span>s Clubcard:</span>
</div>
<span class="product__price-cc-text">12,79</span>
(1 kg=213,17 €)        </div>
<div class="product__discount-percentage">
<div class="product__discount-normal-price">
15,99
</div>
<div class="discount-percentage__text">
<span>
-20
<span class="discount__percentage-sign">%</span>
</span>
</div>
</div>
<div class="product__price-wrapper-outer-box">
<div class="product__price-wrapper">
<div class="product__price ">
<span class="price__left-part">
12,79
</span>
</div>
<div class="product__cc-price-text">
Clubcard ceny
</div>
</div>
</div>
</div>
<div class="product__img-wrapper">
<div class="product__img-holder">
<img data-src="/img/opt/tescoce_sk/products/2022-12-07/png/pukka-darcekova-doza-2002020324345-1-5k.png" src="/img/lq/tescoce_sk/products/2022-12-07/png/pukka-darcekova-doza-2002020324345-1-5k.png" alt="Pukka darčeková dóza s čajmi"//><noscript><img src="/img/opt/tescoce_sk/products/2022-12-07/png/pukka-darcekova-doza-2002020324345-1-5k.png" alt="Pukka darčeková dóza s čajmi"//></noscript>
</div>
<img
class="country-flag"
src=""
alt=""
/>
</div>
</div>                                                            </a>
<div class="shopping-list-parts">
<div class="add-button">
<i class="icon">
<svg viewBox="0 0 24 24" width="100%" height="100%">
<line x1="3" y1="12" x2="21" y2="12"></line>
<line x1="12" y1="3" x2="12" y2="21"></line>
</svg>
</i>
<div class="add-text ddl_link_inline address addtoshoppinglist">
<div>
<span class="label_wrapper">
<span class="label">Pridať do zoznamu</span>
</span>
</div>
</div>
<span class="added-text">Pridané do <a
href="/akciove-ponuky/nakupny-zoznam/"
title="zoznamu"
target="_blank">zoznamu</a></span>
</div>
<div class="add-item">
<div class="add-item__inner">
<div class="newddl-text-field newddl-quantity qty_div">
<div class="newddl-button blue icon-bg standalone search-icon no-float less-button disabled">
<i class="icon">
<svg viewBox="0 0 24 8" width="100%" height="100%">
<line x1="3" y1="4" x2="21" y2="4"></line>
</svg>
</i>
</div>
<input type="text" class="newddl-quantity-input qty" value="1" min="1"
tabindex="0">
<div class="newddl-button blue icon-bg standalone search-icon no-float more-button">
<i class="icon">
<svg viewBox="0 0 24 24" width="100%" height="100%">
<line x1="3" y1="12" x2="21" y2="12"></line>
<line x1="12" y1="3" x2="12" y2="21"></line>
</svg>
</i>
</div>
</div>
<div class="newddl-button blue secondary no-float no-icon min-width accept-button add_to_basket"
onclick="addToBasket(this)"
data-template="/akciove-ponuky/nakupny-zoznam"
data-prod_id="1205801">
<span class="link-label">
Pridať do zoznamu                                              </span>
</div>
<div class="cancel-link"><a href="#cancel"
title="Zrušiť"
tabindex="0">Zrušiť</a>
</div>
</div>
</div>
<div class="added-item" style="">
<p class="t2 nddl">Pridané do <a
href="/akciove-ponuky/nakupny-zoznam/"
title="zoznamu"
target="_blank"
tabindex="0">zoznamu</a>
</p>
<a href="/akciove-ponuky/nakupny-zoznam/"
class="newddl-button blue secondary no-float no-icon min-width edit-button"
title="Upraviť zoznam" target="_blank"
tabindex="0">
<span class="link-label">Upraviť zoznam</span>
</a>
</div>
</div>
</div>

</div>
<div class="a-productListing__productsGrid__element">
<div class="ddl-product-lol  xEqHeights soon-expire"
title="R. Jelínek pálenka z planých trniek 42%">
<div class="status-bar cf">
<div class="promo-countdown -lessThan48">

<i class="icon -lessThan48">
<svg xmlns="http://www.w3.org/2000/svg"
xmlns:xlink="http://www.w3.org/1999/xlink" width="22"
height="22" viewBox="0 0 22 22">
<defs>
<path id="ywjka"
d="M216.5 21a9.5 9.5 0 1 1-19 0 9.5 9.5 0 0 1 19 0z"/>
<path id="ywjkb" d="M207 14.5v7h-5"/>
</defs>
<g>
<g transform="translate(-196 -10)">
<use fill="#fff" fill-opacity="0" stroke="#fff"
stroke-miterlimit="50"
stroke-width="1.2" xlink:href="#ywjka"/>
</g>
<g transform="translate(-196 -10)">
<use fill="#fff" fill-opacity="0" stroke="#fff"
stroke-miterlimit="50"
stroke-width="1.2" xlink:href="#ywjkb"/>
</g>
</g>
</svg>
</i>

<i class="icon normal">
<svg xmlns="http://www.w3.org/2000/svg"
xmlns:xlink="http://www.w3.org/1999/xlink" width="22"
height="22" viewBox="0 0 22 22">
<defs>
<path id="ywjka"
d="M216.5 21a9.5 9.5 0 1 1-19 0 9.5 9.5 0 0 1 19 0z"/>
<path id="ywjkb" d="M207 14.5v7h-5"/>
</defs>
<g>
<g transform="translate(-196 -10)">
<use fill="#00539F" fill-opacity="0" stroke="#00539F"
stroke-miterlimit="50"
stroke-width="1.2" xlink:href="#ywjka"/>
</g>
<g transform="translate(-196 -10)">
<use fill="#00539F" fill-opacity="0" stroke="#00539F"
stroke-miterlimit="50"
stroke-width="1.2" xlink:href="#ywjkb"/>
</g>
</g>
</svg>
</i>

<div class="promo-countdown-wrapper">
<p>Zľava končí</p>
<b data-countdown="2023/01/01 0:00:00"
data-count-down-dur-locale="&quot;{\&quot;S\&quot;:\&quot;m\&quot;,\&quot;SS\&quot;:\&quot;m\&quot;,\&quot;s\&quot;:\&quot;d\&quot;,\&quot;ss\&quot;:\&quot;s\&quot;,\&quot;m\&quot;:\&quot;m\&quot;,\&quot;mm\&quot;:\&quot;m\&quot;,\&quot;h\&quot;:\&quot;h\&quot;,\&quot;hh\&quot;:\&quot;h\&quot;,\&quot;d\&quot;:\&quot;d\&quot;,\&quot;dd\&quot;:\&quot;d\&quot;,\&quot;w\&quot;:\&quot;t\&quot;,\&quot;ww\&quot;:\&quot;t\&quot;,\&quot;M\&quot;:\&quot;m\&quot;,\&quot;MM\&quot;:\&quot;m\&quot;,\&quot;y\&quot;:\&quot;r\&quot;,\&quot;yy\&quot;:\&quot;l\&quot;}&quot;"></b>
</div>
</div>
</div>
<a href="/akciove-ponuky/akciove-produkty/produkt/napoje/liehoviny-a-likery/r-jelinek-palenka-z-planych-trniek-42/"
class="details-box" tabindex="0">
<div class="product__inner cc-tier2-higher-than-10-prod-blue-border">

<div class="product__info-wrapper">
<span class="product__name">R. Jelínek pálenka z planých trniek 42%</span>
<div class="product__secondary-text">
<div>
0,7 l + 2 panáky                            </div>
<span>Pôvodná cena:</span>
<span class="product__price-text">27,99
(1 l=39,99 €)                </span>
<div class="product__price-cc-text">
<span>s Clubcard:</span>
</div>
<span class="product__price-cc-text">22,39</span>
(1 l=31,99 €)        </div>
<div class="product__discount-percentage">
<div class="product__discount-normal-price">
27,99
</div>
<div class="discount-percentage__text">
<span>
-20
<span class="discount__percentage-sign">%</span>
</span>
</div>
</div>
<div class="product__price-wrapper-outer-box">
<div class="product__price-wrapper">
<div class="product__price ">
<span class="price__left-part">
22,39
</span>
</div>
<div class="product__cc-price-text">
Clubcard ceny
</div>
</div>
</div>
</div>
<div class="product__img-wrapper">
<div class="product__img-holder">
<img data-src="/img/opt/tescoce_sk/products/2022-12-07/png/palenka-z-planych-trnek-42-2002020339812-1-5k.png" src="/img/lq/tescoce_sk/products/2022-12-07/png/palenka-z-planych-trnek-42-2002020339812-1-5k.png" alt="R. Jelínek pálenka z planých trniek 42%"//><noscript><img src="/img/opt/tescoce_sk/products/2022-12-07/png/palenka-z-planych-trnek-42-2002020339812-1-5k.png" alt="R. Jelínek pálenka z planých trniek 42%"//></noscript>
</div>
<img
class="country-flag"
src=""
alt=""
/>
</div>
</div>                                                            </a>
<div class="shopping-list-parts">
<div class="add-button">
<i class="icon">
<svg viewBox="0 0 24 24" width="100%" height="100%">
<line x1="3" y1="12" x2="21" y2="12"></line>
<line x1="12" y1="3" x2="12" y2="21"></line>
</svg>
</i>
<div class="add-text ddl_link_inline address addtoshoppinglist">
<div>
<span class="label_wrapper">
<span class="label">Pridať do zoznamu</span>
</span>
</div>
</div>
<span class="added-text">Pridané do <a
href="/akciove-ponuky/nakupny-zoznam/"
title="zoznamu"
target="_blank">zoznamu</a></span>
</div>
<div class="add-item">
<div class="add-item__inner">
<div class="newddl-text-field newddl-quantity qty_div">
<div class="newddl-button blue icon-bg standalone search-icon no-float less-button disabled">
<i class="icon">
<svg viewBox="0 0 24 8" width="100%" height="100%">
<line x1="3" y1="4" x2="21" y2="4"></line>
</svg>
</i>
</div>
<input type="text" class="newddl-quantity-input qty" value="1" min="1"
tabindex="0">
<div class="newddl-button blue icon-bg standalone search-icon no-float more-button">
<i class="icon">
<svg viewBox="0 0 24 24" width="100%" height="100%">
<line x1="3" y1="12" x2="21" y2="12"></line>
<line x1="12" y1="3" x2="12" y2="21"></line>
</svg>
</i>
</div>
</div>
<div class="newddl-button blue secondary no-float no-icon min-width accept-button add_to_basket"
onclick="addToBasket(this)"
data-template="/akciove-ponuky/nakupny-zoznam"
data-prod_id="1205941">
<span class="link-label">
Pridať do zoznamu                                              </span>
</div>
<div class="cancel-link"><a href="#cancel"
title="Zrušiť"
tabindex="0">Zrušiť</a>
</div>
</div>
</div>
<div class="added-item" style="">
<p class="t2 nddl">Pridané do <a
href="/akciove-ponuky/nakupny-zoznam/"
title="zoznamu"
target="_blank"
tabindex="0">zoznamu</a>
</p>
<a href="/akciove-ponuky/nakupny-zoznam/"
class="newddl-button blue secondary no-float no-icon min-width edit-button"
title="Upraviť zoznam" target="_blank"
tabindex="0">
<span class="link-label">Upraviť zoznam</span>
</a>
</div>
</div>
</div>

</div>
<div class="a-productListing__productsGrid__element">
<div class="ddl-product-lol  xEqHeights soon-expire"
title="Red Bull">
<div class="status-bar cf">
<div class="promo-countdown">

<i class="icon -lessThan48">
<svg xmlns="http://www.w3.org/2000/svg"
xmlns:xlink="http://www.w3.org/1999/xlink" width="22"
height="22" viewBox="0 0 22 22">
<defs>
<path id="ywjka"
d="M216.5 21a9.5 9.5 0 1 1-19 0 9.5 9.5 0 0 1 19 0z"/>
<path id="ywjkb" d="M207 14.5v7h-5"/>
</defs>
<g>
<g transform="translate(-196 -10)">
<use fill="#fff" fill-opacity="0" stroke="#fff"
stroke-miterlimit="50"
stroke-width="1.2" xlink:href="#ywjka"/>
</g>
<g transform="translate(-196 -10)">
<use fill="#fff" fill-opacity="0" stroke="#fff"
stroke-miterlimit="50"
stroke-width="1.2" xlink:href="#ywjkb"/>
</g>
</g>
</svg>
</i>

<i class="icon normal">
<svg xmlns="http://www.w3.org/2000/svg"
xmlns:xlink="http://www.w3.org/1999/xlink" width="22"
height="22" viewBox="0 0 22 22">
<defs>
<path id="ywjka"
d="M216.5 21a9.5 9.5 0 1 1-19 0 9.5 9.5 0 0 1 19 0z"/>
<path id="ywjkb" d="M207 14.5v7h-5"/>
</defs>
<g>
<g transform="translate(-196 -10)">
<use fill="#00539F" fill-opacity="0" stroke="#00539F"
stroke-miterlimit="50"
stroke-width="1.2" xlink:href="#ywjka"/>
</g>
<g transform="translate(-196 -10)">
<use fill="#00539F" fill-opacity="0" stroke="#00539F"
stroke-miterlimit="50"
stroke-width="1.2" xlink:href="#ywjkb"/>
</g>
</g>
</svg>
</i>

<div class="promo-countdown-wrapper">
<p>Zľava končí</p>
<b data-countdown="2023/01/04 0:00:00"
data-count-down-dur-locale="&quot;{\&quot;S\&quot;:\&quot;m\&quot;,\&quot;SS\&quot;:\&quot;m\&quot;,\&quot;s\&quot;:\&quot;d\&quot;,\&quot;ss\&quot;:\&quot;s\&quot;,\&quot;m\&quot;:\&quot;m\&quot;,\&quot;mm\&quot;:\&quot;m\&quot;,\&quot;h\&quot;:\&quot;h\&quot;,\&quot;hh\&quot;:\&quot;h\&quot;,\&quot;d\&quot;:\&quot;d\&quot;,\&quot;dd\&quot;:\&quot;d\&quot;,\&quot;w\&quot;:\&quot;t\&quot;,\&quot;ww\&quot;:\&quot;t\&quot;,\&quot;M\&quot;:\&quot;m\&quot;,\&quot;MM\&quot;:\&quot;m\&quot;,\&quot;y\&quot;:\&quot;r\&quot;,\&quot;yy\&quot;:\&quot;l\&quot;}&quot;"></b>
</div>
</div>
</div>
<a href="/akciove-ponuky/akciove-produkty/produkt/napoje/nealkoholicke-napoje/red-bull/"
class="details-box" tabindex="0">
<div class="product__inner cc-tier2-higher-than-10-prod-blue-border">

<div class="product__info-wrapper">
<span class="product__name">Red Bull</span>
<div class="product__secondary-text">
<div>
4 × 250 ml. 
Záloha za vratný 
obal 0,60                            </div>
<span>Pôvodná cena:</span>
<span class="product__price-text">4,99
(1 l=4,99 €)                </span>
<div class="product__price-cc-text">
<span>s Clubcard:</span>
</div>
<span class="product__price-cc-text">3,99</span>
(1 l=3,99 €)        </div>
<div class="product__discount-percentage">
<div class="product__discount-normal-price">
4,99
</div>
<div class="discount-percentage__text">
<span>
-20
<span class="discount__percentage-sign">%</span>
</span>
</div>
</div>
<div class="product__price-wrapper-outer-box">
<div class="product__price-wrapper">
<div class="product__price ">
<span class="price__left-part">
3,99
</span>
</div>
<div class="product__cc-price-text">
Clubcard ceny
</div>
</div>
</div>
</div>
<div class="product__img-wrapper">
<div class="product__img-holder">
<img data-src="/img/opt/tescoce_sk/products/2022-12-28/png/red-bull-2002121561113-1-5k.png" src="/img/lq/tescoce_sk/products/2022-12-28/png/red-bull-2002121561113-1-5k.png" alt="Red Bull"//><noscript><img src="/img/opt/tescoce_sk/products/2022-12-28/png/red-bull-2002121561113-1-5k.png" alt="Red Bull"//></noscript>
</div>
<img
class="country-flag"
src=""
alt=""
/>
</div>
</div>                                                            </a>
<div class="shopping-list-parts">
<div class="add-button">
<i class="icon">
<svg viewBox="0 0 24 24" width="100%" height="100%">
<line x1="3" y1="12" x2="21" y2="12"></line>
<line x1="12" y1="3" x2="12" y2="21"></line>
</svg>
</i>
<div class="add-text ddl_link_inline address addtoshoppinglist">
<div>
<span class="label_wrapper">
<span class="label">Pridať do zoznamu</span>
</span>
</div>
</div>
<span class="added-text">Pridané do <a
href="/akciove-ponuky/nakupny-zoznam/"
title="zoznamu"
target="_blank">zoznamu</a></span>
</div>
<div class="add-item">
<div class="add-item__inner">
<div class="newddl-text-field newddl-quantity qty_div">
<div class="newddl-button blue icon-bg standalone search-icon no-float less-button disabled">
<i class="icon">
<svg viewBox="0 0 24 8" width="100%" height="100%">
<line x1="3" y1="4" x2="21" y2="4"></line>
</svg>
</i>
</div>
<input type="text" class="newddl-quantity-input qty" value="1" min="1"
tabindex="0">
<div class="newddl-button blue icon-bg standalone search-icon no-float more-button">
<i class="icon">
<svg viewBox="0 0 24 24" width="100%" height="100%">
<line x1="3" y1="12" x2="21" y2="12"></line>
<line x1="12" y1="3" x2="12" y2="21"></line>
</svg>
</i>
</div>
</div>
<div class="newddl-button blue secondary no-float no-icon min-width accept-button add_to_basket"
onclick="addToBasket(this)"
data-template="/akciove-ponuky/nakupny-zoznam"
data-prod_id="1217162">
<span class="link-label">
Pridať do zoznamu                                              </span>
</div>
<div class="cancel-link"><a href="#cancel"
title="Zrušiť"
tabindex="0">Zrušiť</a>
</div>
</div>
</div>
<div class="added-item" style="">
<p class="t2 nddl">Pridané do <a
href="/akciove-ponuky/nakupny-zoznam/"
title="zoznamu"
target="_blank"
tabindex="0">zoznamu</a>
</p>
<a href="/akciove-ponuky/nakupny-zoznam/"
class="newddl-button blue secondary no-float no-icon min-width edit-button"
title="Upraviť zoznam" target="_blank"
tabindex="0">
<span class="link-label">Upraviť zoznam</span>
</a>
</div>
</div>
</div>

</div>
<div class="a-productListing__productsGrid__element">
<div class="ddl-product-lol  xEqHeights soon-expire"
title="Relax džús Exotica">
<div class="status-bar cf">
<div class="hovershowtooltip">
<div class="inner">
Ponuka je platná do 03.01.2023.
</div>
<div class="arrow-container">
<div class="arrow-down"></div>
<div class="arrow-down-fg"></div>
</div>
</div>
<a href="https://potravinydomov.itesco.sk/groceries/sk-SK/products/2002015228897"
class="newddl-button left transparent ghs-link"
tabindex="0" target="_blank">
<i class="icon">
<svg xmlns="http://www.w3.org/2000/svg"
xmlns:xlink="http://www.w3.org/1999/xlink"
style="width: 20px !important" height="13" viewBox="0 0 23 13">
<defs>
<path id="clxfa"
d="M33.33 21.44c.44.1.67.38.67.8v3.1c0 .47-.38.84-.84.84h-.9a2.2 2.2 0 0 1-2.18 1.8 2.2 2.2 0 0 1-2.17-1.8h-7.9a2.22 2.22 0 0 1-2.2 1.82c-1.1 0-2-.79-2.19-1.82h-1.66c-.97 0-1.15-.92-1.25-1.41l-1.04-4.25-.41-.27a.3.3 0 0 1-.14-.23L11 18.73c0-.84.66-1.5 1.48-1.5h2.3l-.14.15a.46.46 0 0 0 0 .66.47.47 0 0 0 .66 0l.8-.8h.01l2.11-2.1c.14-.14.41-.19.58-.09.15.09.24.24.24.4 0 .13-.05.24-.14.33l-1.47 1.46h4.39l-1.47-1.46a.46.46 0 0 1 .1-.73c.17-.1.43-.05.57.1L24 18.08c.08.06.18.1.28.1.17 0 .32-.09.4-.24.1-.17.05-.43-.09-.57l-.14-.14h2.31c.77 0 1.39.57 1.47 1.3h1.75c.22 0 .8 0 1.03.71l.8 1.94zM28.7 25.8c0 .75.62 1.36 1.37 1.36.86 0 1.54-.77 1.35-1.65-.1-.52-.53-.93-1.05-1.04a1.38 1.38 0 0 0-1.67 1.33zm-2.17-1c-.05.23-.12.44-.22.63h1.6a2.2 2.2 0 0 1 2.16-1.81c1.09 0 2 .76 2.18 1.8h.9c.04 0 .07-.03.07-.06v-3.11-.04l-.06-.01-1.7-.28a.39.39 0 0 1-.3-.23l-.9-2.2c-.05-.16-.08-.17-.29-.17h-1.77-.02l-.06.71a.3.3 0 0 1-.14.23l-.41.27zm-8.25-4.07a.42.42 0 0 0-.42.43l.29 2.69a.42.42 0 1 0 .83-.02l-.28-2.69a.42.42 0 0 0-.42-.4zm-3 3.15c.02.21.2.38.41.38h.04a.42.42 0 0 0 .38-.46l-.43-2.69a.41.41 0 0 0-.45-.38.42.42 0 0 0-.38.46zm2.53 3.27c.61 0 1.13-.4 1.3-.96h-2.6c.16.56.68.96 1.3.96zm4.11-6a.42.42 0 0 0-.41-.42.41.41 0 0 0-.42.4l-.28 2.72c0 .22.18.4.41.4.23 0 .42-.18.42-.39zm2.17 3.1c.22 0 .4-.16.42-.36l.43-2.71a.41.41 0 0 0-.38-.45.42.42 0 0 0-.45.37l-.43 2.71c-.01.11.02.22.1.3.07.09.17.14.28.15z"></path>
</defs>
<g>
<g clip-path="url(#clip-72B53A8F-48D2-421E-9EC9-9A8CE7DC52A1)"
transform="translate(-11 -15)">
<use fill="#00549e" stroke="none" xlink:href="#clxfa"></use>
</g>
</g>
</svg>
</i>
<div class="ddl_link_inline address shoponline"
style="display: inline-block; vertical-align: middle;">
<span class="link">
<span class="label_wrapper">
<span class="label">
Kúpiť teraz                                                    </span>
</span>
</span>
</div>
</a>
<div class="promo-countdown">

<i class="icon -lessThan48">
<svg xmlns="http://www.w3.org/2000/svg"
xmlns:xlink="http://www.w3.org/1999/xlink" width="22"
height="22" viewBox="0 0 22 22">
<defs>
<path id="ywjka"
d="M216.5 21a9.5 9.5 0 1 1-19 0 9.5 9.5 0 0 1 19 0z"/>
<path id="ywjkb" d="M207 14.5v7h-5"/>
</defs>
<g>
<g transform="translate(-196 -10)">
<use fill="#fff" fill-opacity="0" stroke="#fff"
stroke-miterlimit="50"
stroke-width="1.2" xlink:href="#ywjka"/>
</g>
<g transform="translate(-196 -10)">
<use fill="#fff" fill-opacity="0" stroke="#fff"
stroke-miterlimit="50"
stroke-width="1.2" xlink:href="#ywjkb"/>
</g>
</g>
</svg>
</i>

<i class="icon normal">
<svg xmlns="http://www.w3.org/2000/svg"
xmlns:xlink="http://www.w3.org/1999/xlink" width="22"
height="22" viewBox="0 0 22 22">
<defs>
<path id="ywjka"
d="M216.5 21a9.5 9.5 0 1 1-19 0 9.5 9.5 0 0 1 19 0z"/>
<path id="ywjkb" d="M207 14.5v7h-5"/>
</defs>
<g>
<g transform="translate(-196 -10)">
<use fill="#00539F" fill-opacity="0" stroke="#00539F"
stroke-miterlimit="50"
stroke-width="1.2" xlink:href="#ywjka"/>
</g>
<g transform="translate(-196 -10)">
<use fill="#00539F" fill-opacity="0" stroke="#00539F"
stroke-miterlimit="50"
stroke-width="1.2" xlink:href="#ywjkb"/>
</g>
</g>
</svg>
</i>

<div class="promo-countdown-wrapper">
<p>Zľava končí</p>
<b data-countdown="2023/01/04 0:00:00"
data-count-down-dur-locale="&quot;{\&quot;S\&quot;:\&quot;m\&quot;,\&quot;SS\&quot;:\&quot;m\&quot;,\&quot;s\&quot;:\&quot;d\&quot;,\&quot;ss\&quot;:\&quot;s\&quot;,\&quot;m\&quot;:\&quot;m\&quot;,\&quot;mm\&quot;:\&quot;m\&quot;,\&quot;h\&quot;:\&quot;h\&quot;,\&quot;hh\&quot;:\&quot;h\&quot;,\&quot;d\&quot;:\&quot;d\&quot;,\&quot;dd\&quot;:\&quot;d\&quot;,\&quot;w\&quot;:\&quot;t\&quot;,\&quot;ww\&quot;:\&quot;t\&quot;,\&quot;M\&quot;:\&quot;m\&quot;,\&quot;MM\&quot;:\&quot;m\&quot;,\&quot;y\&quot;:\&quot;r\&quot;,\&quot;yy\&quot;:\&quot;l\&quot;}&quot;"></b>
</div>
</div>
</div>
<a href="/akciove-ponuky/akciove-produkty/produkt/napoje/dzusy/relax-dzus-exotica/"
class="details-box" tabindex="0">
<div class="product__inner cc-tier2-higher-than-10-prod-blue-border">

<div class="product__info-wrapper">
<span class="product__name">Relax džús Exotica</span>
<div class="product__secondary-text">
<div>
viac druhov, 1 l                            </div>
<span>Pôvodná cena:</span>
<span class="product__price-text">1,49
</span>
<div class="product__price-cc-text">
<span>s Clubcard:</span>
</div>
<span class="product__price-cc-text">0,79</span>
</div>
<div class="product__discount-percentage">
<div class="product__discount-normal-price">
1,49
</div>
<div class="discount-percentage__text">
<span>
-46
<span class="discount__percentage-sign">%</span>
</span>
</div>
</div>
<div class="product__price-wrapper-outer-box">
<div class="product__price-wrapper">
<div class="product__price ">
<span class="price__left-part">
0,79
</span>
</div>
<div class="product__cc-price-text">
Clubcard ceny
</div>
</div>
</div>
</div>
<div class="product__img-wrapper">
<div class="product__img-holder">
<img data-src="/img/opt/tescoce_sk/products/2022-12-28/png/relax-dzus-exotica-2002015228897-1-5k.png" src="/img/lq/tescoce_sk/products/2022-12-28/png/relax-dzus-exotica-2002015228897-1-5k.png" alt="Relax džús Exotica"//><noscript><img src="/img/opt/tescoce_sk/products/2022-12-28/png/relax-dzus-exotica-2002015228897-1-5k.png" alt="Relax džús Exotica"//></noscript>
</div>
<img
class="country-flag"
src=""
alt=""
/>
</div>
</div>                                                            </a>
<div class="shopping-list-parts">
<div class="add-button">
<i class="icon">
<svg viewBox="0 0 24 24" width="100%" height="100%">
<line x1="3" y1="12" x2="21" y2="12"></line>
<line x1="12" y1="3" x2="12" y2="21"></line>
</svg>
</i>
<div class="add-text ddl_link_inline address addtoshoppinglist">
<div>
<span class="label_wrapper">
<span class="label">Pridať do zoznamu</span>
</span>
</div>
</div>
<span class="added-text">Pridané do <a
href="/akciove-ponuky/nakupny-zoznam/"
title="zoznamu"
target="_blank">zoznamu</a></span>
</div>
<div class="add-item">
<div class="add-item__inner">
<div class="newddl-text-field newddl-quantity qty_div">
<div class="newddl-button blue icon-bg standalone search-icon no-float less-button disabled">
<i class="icon">
<svg viewBox="0 0 24 8" width="100%" height="100%">
<line x1="3" y1="4" x2="21" y2="4"></line>
</svg>
</i>
</div>
<input type="text" class="newddl-quantity-input qty" value="1" min="1"
tabindex="0">
<div class="newddl-button blue icon-bg standalone search-icon no-float more-button">
<i class="icon">
<svg viewBox="0 0 24 24" width="100%" height="100%">
<line x1="3" y1="12" x2="21" y2="12"></line>
<line x1="12" y1="3" x2="12" y2="21"></line>
</svg>
</i>
</div>
</div>
<div class="newddl-button blue secondary no-float no-icon min-width accept-button add_to_basket"
onclick="addToBasket(this)"
data-template="/akciove-ponuky/nakupny-zoznam"
data-prod_id="1216552">
<span class="link-label">
Pridať do zoznamu                                              </span>
</div>
<div class="cancel-link"><a href="#cancel"
title="Zrušiť"
tabindex="0">Zrušiť</a>
</div>
</div>
</div>
<div class="added-item" style="">
<p class="t2 nddl">Pridané do <a
href="/akciove-ponuky/nakupny-zoznam/"
title="zoznamu"
target="_blank"
tabindex="0">zoznamu</a>
</p>
<a href="/akciove-ponuky/nakupny-zoznam/"
class="newddl-button blue secondary no-float no-icon min-width edit-button"
title="Upraviť zoznam" target="_blank"
tabindex="0">
<span class="link-label">Upraviť zoznam</span>
</a>
</div>
</div>
</div>

</div>
<div class="a-productListing__productsGrid__element">
<div class="ddl-product-lol  xEqHeights soon-expire"
title="Relax sirup">
<div class="status-bar cf">
<div class="hovershowtooltip">
<div class="inner">
Ponuka je platná do 10.01.2023.
</div>
<div class="arrow-container">
<div class="arrow-down"></div>
<div class="arrow-down-fg"></div>
</div>
</div>
<a href="https://potravinydomov.itesco.sk/groceries/sk-SK/products/2002120755825"
class="newddl-button left transparent ghs-link"
tabindex="0" target="_blank">
<i class="icon">
<svg xmlns="http://www.w3.org/2000/svg"
xmlns:xlink="http://www.w3.org/1999/xlink"
style="width: 20px !important" height="13" viewBox="0 0 23 13">
<defs>
<path id="clxfa"
d="M33.33 21.44c.44.1.67.38.67.8v3.1c0 .47-.38.84-.84.84h-.9a2.2 2.2 0 0 1-2.18 1.8 2.2 2.2 0 0 1-2.17-1.8h-7.9a2.22 2.22 0 0 1-2.2 1.82c-1.1 0-2-.79-2.19-1.82h-1.66c-.97 0-1.15-.92-1.25-1.41l-1.04-4.25-.41-.27a.3.3 0 0 1-.14-.23L11 18.73c0-.84.66-1.5 1.48-1.5h2.3l-.14.15a.46.46 0 0 0 0 .66.47.47 0 0 0 .66 0l.8-.8h.01l2.11-2.1c.14-.14.41-.19.58-.09.15.09.24.24.24.4 0 .13-.05.24-.14.33l-1.47 1.46h4.39l-1.47-1.46a.46.46 0 0 1 .1-.73c.17-.1.43-.05.57.1L24 18.08c.08.06.18.1.28.1.17 0 .32-.09.4-.24.1-.17.05-.43-.09-.57l-.14-.14h2.31c.77 0 1.39.57 1.47 1.3h1.75c.22 0 .8 0 1.03.71l.8 1.94zM28.7 25.8c0 .75.62 1.36 1.37 1.36.86 0 1.54-.77 1.35-1.65-.1-.52-.53-.93-1.05-1.04a1.38 1.38 0 0 0-1.67 1.33zm-2.17-1c-.05.23-.12.44-.22.63h1.6a2.2 2.2 0 0 1 2.16-1.81c1.09 0 2 .76 2.18 1.8h.9c.04 0 .07-.03.07-.06v-3.11-.04l-.06-.01-1.7-.28a.39.39 0 0 1-.3-.23l-.9-2.2c-.05-.16-.08-.17-.29-.17h-1.77-.02l-.06.71a.3.3 0 0 1-.14.23l-.41.27zm-8.25-4.07a.42.42 0 0 0-.42.43l.29 2.69a.42.42 0 1 0 .83-.02l-.28-2.69a.42.42 0 0 0-.42-.4zm-3 3.15c.02.21.2.38.41.38h.04a.42.42 0 0 0 .38-.46l-.43-2.69a.41.41 0 0 0-.45-.38.42.42 0 0 0-.38.46zm2.53 3.27c.61 0 1.13-.4 1.3-.96h-2.6c.16.56.68.96 1.3.96zm4.11-6a.42.42 0 0 0-.41-.42.41.41 0 0 0-.42.4l-.28 2.72c0 .22.18.4.41.4.23 0 .42-.18.42-.39zm2.17 3.1c.22 0 .4-.16.42-.36l.43-2.71a.41.41 0 0 0-.38-.45.42.42 0 0 0-.45.37l-.43 2.71c-.01.11.02.22.1.3.07.09.17.14.28.15z"></path>
</defs>
<g>
<g clip-path="url(#clip-72B53A8F-48D2-421E-9EC9-9A8CE7DC52A1)"
transform="translate(-11 -15)">
<use fill="#00549e" stroke="none" xlink:href="#clxfa"></use>
</g>
</g>
</svg>
</i>
<div class="ddl_link_inline address shoponline"
style="display: inline-block; vertical-align: middle;">
<span class="link">
<span class="label_wrapper">
<span class="label">
Kúpiť teraz                                                    </span>
</span>
</span>
</div>
</a>
<div class="promo-countdown">

<i class="icon -lessThan48">
<svg xmlns="http://www.w3.org/2000/svg"
xmlns:xlink="http://www.w3.org/1999/xlink" width="22"
height="22" viewBox="0 0 22 22">
<defs>
<path id="ywjka"
d="M216.5 21a9.5 9.5 0 1 1-19 0 9.5 9.5 0 0 1 19 0z"/>
<path id="ywjkb" d="M207 14.5v7h-5"/>
</defs>
<g>
<g transform="translate(-196 -10)">
<use fill="#fff" fill-opacity="0" stroke="#fff"
stroke-miterlimit="50"
stroke-width="1.2" xlink:href="#ywjka"/>
</g>
<g transform="translate(-196 -10)">
<use fill="#fff" fill-opacity="0" stroke="#fff"
stroke-miterlimit="50"
stroke-width="1.2" xlink:href="#ywjkb"/>
</g>
</g>
</svg>
</i>

<i class="icon normal">
<svg xmlns="http://www.w3.org/2000/svg"
xmlns:xlink="http://www.w3.org/1999/xlink" width="22"
height="22" viewBox="0 0 22 22">
<defs>
<path id="ywjka"
d="M216.5 21a9.5 9.5 0 1 1-19 0 9.5 9.5 0 0 1 19 0z"/>
<path id="ywjkb" d="M207 14.5v7h-5"/>
</defs>
<g>
<g transform="translate(-196 -10)">
<use fill="#00539F" fill-opacity="0" stroke="#00539F"
stroke-miterlimit="50"
stroke-width="1.2" xlink:href="#ywjka"/>
</g>
<g transform="translate(-196 -10)">
<use fill="#00539F" fill-opacity="0" stroke="#00539F"
stroke-miterlimit="50"
stroke-width="1.2" xlink:href="#ywjkb"/>
</g>
</g>
</svg>
</i>

<div class="promo-countdown-wrapper">
<p>Zľava končí</p>
<b data-countdown="2023/01/11 0:00:00"
data-count-down-dur-locale="&quot;{\&quot;S\&quot;:\&quot;m\&quot;,\&quot;SS\&quot;:\&quot;m\&quot;,\&quot;s\&quot;:\&quot;d\&quot;,\&quot;ss\&quot;:\&quot;s\&quot;,\&quot;m\&quot;:\&quot;m\&quot;,\&quot;mm\&quot;:\&quot;m\&quot;,\&quot;h\&quot;:\&quot;h\&quot;,\&quot;hh\&quot;:\&quot;h\&quot;,\&quot;d\&quot;:\&quot;d\&quot;,\&quot;dd\&quot;:\&quot;d\&quot;,\&quot;w\&quot;:\&quot;t\&quot;,\&quot;ww\&quot;:\&quot;t\&quot;,\&quot;M\&quot;:\&quot;m\&quot;,\&quot;MM\&quot;:\&quot;m\&quot;,\&quot;y\&quot;:\&quot;r\&quot;,\&quot;yy\&quot;:\&quot;l\&quot;}&quot;"></b>
</div>
</div>
</div>
<a href="/akciove-ponuky/akciove-produkty/produkt/napoje/dzusy/relax-sirup/"
class="details-box" tabindex="0">
<div class="product__inner cc-tier2-higher-than-10-prod-blue-border">

<div class="product__info-wrapper">
<span class="product__name">Relax sirup</span>
<div class="product__secondary-text">
<div>
viac druhov, 0,7 l                            </div>
<span>Pôvodná cena:</span>
<span class="product__price-text">2,79
(1 l=3,99 €)                </span>
<div class="product__price-cc-text">
<span>s Clubcard:</span>
</div>
<span class="product__price-cc-text">1,59</span>
(1 l=2,27 €)        </div>
<div class="product__discount-percentage">
<div class="product__discount-normal-price">
2,79
</div>
<div class="discount-percentage__text">
<span>
-43
<span class="discount__percentage-sign">%</span>
</span>
</div>
</div>
<div class="product__price-wrapper-outer-box">
<div class="product__price-wrapper">
<div class="product__price ">
<span class="price__left-part">
1,59
</span>
</div>
<div class="product__cc-price-text">
Clubcard ceny
</div>
</div>
</div>
</div>
<div class="product__img-wrapper">
<div class="product__img-holder">
<img data-src="/img/opt/tescoce_sk/products/2022-12-28/png/relax-sirup-2002120755825-1-5k.png" src="/img/lq/tescoce_sk/products/2022-12-28/png/relax-sirup-2002120755825-1-5k.png" alt="Relax sirup"//><noscript><img src="/img/opt/tescoce_sk/products/2022-12-28/png/relax-sirup-2002120755825-1-5k.png" alt="Relax sirup"//></noscript>
</div>
<img
class="country-flag"
src=""
alt=""
/>
</div>
</div>                                                            </a>
<div class="shopping-list-parts">
<div class="add-button">
<i class="icon">
<svg viewBox="0 0 24 24" width="100%" height="100%">
<line x1="3" y1="12" x2="21" y2="12"></line>
<line x1="12" y1="3" x2="12" y2="21"></line>
</svg>
</i>
<div class="add-text ddl_link_inline address addtoshoppinglist">
<div>
<span class="label_wrapper">
<span class="label">Pridať do zoznamu</span>
</span>
</div>
</div>
<span class="added-text">Pridané do <a
href="/akciove-ponuky/nakupny-zoznam/"
title="zoznamu"
target="_blank">zoznamu</a></span>
</div>
<div class="add-item">
<div class="add-item__inner">
<div class="newddl-text-field newddl-quantity qty_div">
<div class="newddl-button blue icon-bg standalone search-icon no-float less-button disabled">
<i class="icon">
<svg viewBox="0 0 24 8" width="100%" height="100%">
<line x1="3" y1="4" x2="21" y2="4"></line>
</svg>
</i>
</div>
<input type="text" class="newddl-quantity-input qty" value="1" min="1"
tabindex="0">
<div class="newddl-button blue icon-bg standalone search-icon no-float more-button">
<i class="icon">
<svg viewBox="0 0 24 24" width="100%" height="100%">
<line x1="3" y1="12" x2="21" y2="12"></line>
<line x1="12" y1="3" x2="12" y2="21"></line>
</svg>
</i>
</div>
</div>
<div class="newddl-button blue secondary no-float no-icon min-width accept-button add_to_basket"
onclick="addToBasket(this)"
data-template="/akciove-ponuky/nakupny-zoznam"
data-prod_id="1217172">
<span class="link-label">
Pridať do zoznamu                                              </span>
</div>
<div class="cancel-link"><a href="#cancel"
title="Zrušiť"
tabindex="0">Zrušiť</a>
</div>
</div>
</div>
<div class="added-item" style="">
<p class="t2 nddl">Pridané do <a
href="/akciove-ponuky/nakupny-zoznam/"
title="zoznamu"
target="_blank"
tabindex="0">zoznamu</a>
</p>
<a href="/akciove-ponuky/nakupny-zoznam/"
class="newddl-button blue secondary no-float no-icon min-width edit-button"
title="Upraviť zoznam" target="_blank"
tabindex="0">
<span class="link-label">Upraviť zoznam</span>
</a>
</div>
</div>
</div>

</div>
<div class="a-productListing__productsGrid__element">
<div class="ddl-product-lol  xEqHeights soon-expire"
title="Rum Demon's Share 40%">
<div class="status-bar cf">
<div class="promo-countdown -lessThan48">

<i class="icon -lessThan48">
<svg xmlns="http://www.w3.org/2000/svg"
xmlns:xlink="http://www.w3.org/1999/xlink" width="22"
height="22" viewBox="0 0 22 22">
<defs>
<path id="ywjka"
d="M216.5 21a9.5 9.5 0 1 1-19 0 9.5 9.5 0 0 1 19 0z"/>
<path id="ywjkb" d="M207 14.5v7h-5"/>
</defs>
<g>
<g transform="translate(-196 -10)">
<use fill="#fff" fill-opacity="0" stroke="#fff"
stroke-miterlimit="50"
stroke-width="1.2" xlink:href="#ywjka"/>
</g>
<g transform="translate(-196 -10)">
<use fill="#fff" fill-opacity="0" stroke="#fff"
stroke-miterlimit="50"
stroke-width="1.2" xlink:href="#ywjkb"/>
</g>
</g>
</svg>
</i>

<i class="icon normal">
<svg xmlns="http://www.w3.org/2000/svg"
xmlns:xlink="http://www.w3.org/1999/xlink" width="22"
height="22" viewBox="0 0 22 22">
<defs>
<path id="ywjka"
d="M216.5 21a9.5 9.5 0 1 1-19 0 9.5 9.5 0 0 1 19 0z"/>
<path id="ywjkb" d="M207 14.5v7h-5"/>
</defs>
<g>
<g transform="translate(-196 -10)">
<use fill="#00539F" fill-opacity="0" stroke="#00539F"
stroke-miterlimit="50"
stroke-width="1.2" xlink:href="#ywjka"/>
</g>
<g transform="translate(-196 -10)">
<use fill="#00539F" fill-opacity="0" stroke="#00539F"
stroke-miterlimit="50"
stroke-width="1.2" xlink:href="#ywjkb"/>
</g>
</g>
</svg>
</i>

<div class="promo-countdown-wrapper">
<p>Zľava končí</p>
<b data-countdown="2023/01/01 0:00:00"
data-count-down-dur-locale="&quot;{\&quot;S\&quot;:\&quot;m\&quot;,\&quot;SS\&quot;:\&quot;m\&quot;,\&quot;s\&quot;:\&quot;d\&quot;,\&quot;ss\&quot;:\&quot;s\&quot;,\&quot;m\&quot;:\&quot;m\&quot;,\&quot;mm\&quot;:\&quot;m\&quot;,\&quot;h\&quot;:\&quot;h\&quot;,\&quot;hh\&quot;:\&quot;h\&quot;,\&quot;d\&quot;:\&quot;d\&quot;,\&quot;dd\&quot;:\&quot;d\&quot;,\&quot;w\&quot;:\&quot;t\&quot;,\&quot;ww\&quot;:\&quot;t\&quot;,\&quot;M\&quot;:\&quot;m\&quot;,\&quot;MM\&quot;:\&quot;m\&quot;,\&quot;y\&quot;:\&quot;r\&quot;,\&quot;yy\&quot;:\&quot;l\&quot;}&quot;"></b>
</div>
</div>
</div>
<a href="/akciove-ponuky/akciove-produkty/produkt/napoje/liehoviny-a-likery/rum-demon-s-share-40/"
class="details-box" tabindex="0">
<div class="product__inner cc-tier2-higher-than-10-prod-blue-border">

<div class="product__info-wrapper">
<span class="product__name">Rum Demon&#039;s Share 40%</span>
<div class="product__secondary-text">
<div>
0,7 l + 2 poháre                            </div>
<span>Pôvodná cena:</span>
<span class="product__price-text">42,99
(1 l=61,41 €)                </span>
<div class="product__price-cc-text">
<span>s Clubcard:</span>
</div>
<span class="product__price-cc-text">34,39</span>
(1 l=49,13 €)        </div>
<div class="product__discount-percentage">
<div class="product__discount-normal-price">
42,99
</div>
<div class="discount-percentage__text">
<span>
-20
<span class="discount__percentage-sign">%</span>
</span>
</div>
</div>
<div class="product__price-wrapper-outer-box">
<div class="product__price-wrapper">
<div class="product__price ">
<span class="price__left-part">
34,39
</span>
</div>
<div class="product__cc-price-text">
Clubcard ceny
</div>
</div>
</div>
</div>
<div class="product__img-wrapper">
<div class="product__img-holder">
<img data-src="/img/opt/tescoce_sk/products/2022-11-30/png/rum-demon-s-share-40-2002020339650-1-5k.png" src="/img/lq/tescoce_sk/products/2022-11-30/png/rum-demon-s-share-40-2002020339650-1-5k.png" alt="Rum Demon&#039;s Share 40%"//><noscript><img src="/img/opt/tescoce_sk/products/2022-11-30/png/rum-demon-s-share-40-2002020339650-1-5k.png" alt="Rum Demon&#039;s Share 40%"//></noscript>
</div>
<img
class="country-flag"
src=""
alt=""
/>
</div>
</div>                                                            </a>
<div class="shopping-list-parts">
<div class="add-button">
<i class="icon">
<svg viewBox="0 0 24 24" width="100%" height="100%">
<line x1="3" y1="12" x2="21" y2="12"></line>
<line x1="12" y1="3" x2="12" y2="21"></line>
</svg>
</i>
<div class="add-text ddl_link_inline address addtoshoppinglist">
<div>
<span class="label_wrapper">
<span class="label">Pridať do zoznamu</span>
</span>
</div>
</div>
<span class="added-text">Pridané do <a
href="/akciove-ponuky/nakupny-zoznam/"
title="zoznamu"
target="_blank">zoznamu</a></span>
</div>
<div class="add-item">
<div class="add-item__inner">
<div class="newddl-text-field newddl-quantity qty_div">
<div class="newddl-button blue icon-bg standalone search-icon no-float less-button disabled">
<i class="icon">
<svg viewBox="0 0 24 8" width="100%" height="100%">
<line x1="3" y1="4" x2="21" y2="4"></line>
</svg>
</i>
</div>
<input type="text" class="newddl-quantity-input qty" value="1" min="1"
tabindex="0">
<div class="newddl-button blue icon-bg standalone search-icon no-float more-button">
<i class="icon">
<svg viewBox="0 0 24 24" width="100%" height="100%">
<line x1="3" y1="12" x2="21" y2="12"></line>
<line x1="12" y1="3" x2="12" y2="21"></line>
</svg>
</i>
</div>
</div>
<div class="newddl-button blue secondary no-float no-icon min-width accept-button add_to_basket"
onclick="addToBasket(this)"
data-template="/akciove-ponuky/nakupny-zoznam"
data-prod_id="1197872">
<span class="link-label">
Pridať do zoznamu                                              </span>
</div>
<div class="cancel-link"><a href="#cancel"
title="Zrušiť"
tabindex="0">Zrušiť</a>
</div>
</div>
</div>
<div class="added-item" style="">
<p class="t2 nddl">Pridané do <a
href="/akciove-ponuky/nakupny-zoznam/"
title="zoznamu"
target="_blank"
tabindex="0">zoznamu</a>
</p>
<a href="/akciove-ponuky/nakupny-zoznam/"
class="newddl-button blue secondary no-float no-icon min-width edit-button"
title="Upraviť zoznam" target="_blank"
tabindex="0">
<span class="link-label">Upraviť zoznam</span>
</a>
</div>
</div>
</div>

</div>
<div class="a-productListing__productsGrid__element">
<div class="ddl-product-lol  xEqHeights soon-expire"
title="Rum Legenda 38%">
<div class="status-bar cf">
<div class="hovershowtooltip">
<div class="inner">
Ponuka je platná do 31.12.2022.
</div>
<div class="arrow-container">
<div class="arrow-down"></div>
<div class="arrow-down-fg"></div>
</div>
</div>
<a href="https://potravinydomov.itesco.sk/groceries/sk-SK/products/2002020339861"
class="newddl-button left transparent ghs-link"
tabindex="0" target="_blank">
<i class="icon">
<svg xmlns="http://www.w3.org/2000/svg"
xmlns:xlink="http://www.w3.org/1999/xlink"
style="width: 20px !important" height="13" viewBox="0 0 23 13">
<defs>
<path id="clxfa"
d="M33.33 21.44c.44.1.67.38.67.8v3.1c0 .47-.38.84-.84.84h-.9a2.2 2.2 0 0 1-2.18 1.8 2.2 2.2 0 0 1-2.17-1.8h-7.9a2.22 2.22 0 0 1-2.2 1.82c-1.1 0-2-.79-2.19-1.82h-1.66c-.97 0-1.15-.92-1.25-1.41l-1.04-4.25-.41-.27a.3.3 0 0 1-.14-.23L11 18.73c0-.84.66-1.5 1.48-1.5h2.3l-.14.15a.46.46 0 0 0 0 .66.47.47 0 0 0 .66 0l.8-.8h.01l2.11-2.1c.14-.14.41-.19.58-.09.15.09.24.24.24.4 0 .13-.05.24-.14.33l-1.47 1.46h4.39l-1.47-1.46a.46.46 0 0 1 .1-.73c.17-.1.43-.05.57.1L24 18.08c.08.06.18.1.28.1.17 0 .32-.09.4-.24.1-.17.05-.43-.09-.57l-.14-.14h2.31c.77 0 1.39.57 1.47 1.3h1.75c.22 0 .8 0 1.03.71l.8 1.94zM28.7 25.8c0 .75.62 1.36 1.37 1.36.86 0 1.54-.77 1.35-1.65-.1-.52-.53-.93-1.05-1.04a1.38 1.38 0 0 0-1.67 1.33zm-2.17-1c-.05.23-.12.44-.22.63h1.6a2.2 2.2 0 0 1 2.16-1.81c1.09 0 2 .76 2.18 1.8h.9c.04 0 .07-.03.07-.06v-3.11-.04l-.06-.01-1.7-.28a.39.39 0 0 1-.3-.23l-.9-2.2c-.05-.16-.08-.17-.29-.17h-1.77-.02l-.06.71a.3.3 0 0 1-.14.23l-.41.27zm-8.25-4.07a.42.42 0 0 0-.42.43l.29 2.69a.42.42 0 1 0 .83-.02l-.28-2.69a.42.42 0 0 0-.42-.4zm-3 3.15c.02.21.2.38.41.38h.04a.42.42 0 0 0 .38-.46l-.43-2.69a.41.41 0 0 0-.45-.38.42.42 0 0 0-.38.46zm2.53 3.27c.61 0 1.13-.4 1.3-.96h-2.6c.16.56.68.96 1.3.96zm4.11-6a.42.42 0 0 0-.41-.42.41.41 0 0 0-.42.4l-.28 2.72c0 .22.18.4.41.4.23 0 .42-.18.42-.39zm2.17 3.1c.22 0 .4-.16.42-.36l.43-2.71a.41.41 0 0 0-.38-.45.42.42 0 0 0-.45.37l-.43 2.71c-.01.11.02.22.1.3.07.09.17.14.28.15z"></path>
</defs>
<g>
<g clip-path="url(#clip-72B53A8F-48D2-421E-9EC9-9A8CE7DC52A1)"
transform="translate(-11 -15)">
<use fill="#00549e" stroke="none" xlink:href="#clxfa"></use>
</g>
</g>
</svg>
</i>
<div class="ddl_link_inline address shoponline"
style="display: inline-block; vertical-align: middle;">
<span class="link">
<span class="label_wrapper">
<span class="label">
Kúpiť teraz                                                    </span>
</span>
</span>
</div>
</a>
<div class="promo-countdown -lessThan48">

<i class="icon -lessThan48">
<svg xmlns="http://www.w3.org/2000/svg"
xmlns:xlink="http://www.w3.org/1999/xlink" width="22"
height="22" viewBox="0 0 22 22">
<defs>
<path id="ywjka"
d="M216.5 21a9.5 9.5 0 1 1-19 0 9.5 9.5 0 0 1 19 0z"/>
<path id="ywjkb" d="M207 14.5v7h-5"/>
</defs>
<g>
<g transform="translate(-196 -10)">
<use fill="#fff" fill-opacity="0" stroke="#fff"
stroke-miterlimit="50"
stroke-width="1.2" xlink:href="#ywjka"/>
</g>
<g transform="translate(-196 -10)">
<use fill="#fff" fill-opacity="0" stroke="#fff"
stroke-miterlimit="50"
stroke-width="1.2" xlink:href="#ywjkb"/>
</g>
</g>
</svg>
</i>

<i class="icon normal">
<svg xmlns="http://www.w3.org/2000/svg"
xmlns:xlink="http://www.w3.org/1999/xlink" width="22"
height="22" viewBox="0 0 22 22">
<defs>
<path id="ywjka"
d="M216.5 21a9.5 9.5 0 1 1-19 0 9.5 9.5 0 0 1 19 0z"/>
<path id="ywjkb" d="M207 14.5v7h-5"/>
</defs>
<g>
<g transform="translate(-196 -10)">
<use fill="#00539F" fill-opacity="0" stroke="#00539F"
stroke-miterlimit="50"
stroke-width="1.2" xlink:href="#ywjka"/>
</g>
<g transform="translate(-196 -10)">
<use fill="#00539F" fill-opacity="0" stroke="#00539F"
stroke-miterlimit="50"
stroke-width="1.2" xlink:href="#ywjkb"/>
</g>
</g>
</svg>
</i>

<div class="promo-countdown-wrapper">
<p>Zľava končí</p>
<b data-countdown="2023/01/01 0:00:00"
data-count-down-dur-locale="&quot;{\&quot;S\&quot;:\&quot;m\&quot;,\&quot;SS\&quot;:\&quot;m\&quot;,\&quot;s\&quot;:\&quot;d\&quot;,\&quot;ss\&quot;:\&quot;s\&quot;,\&quot;m\&quot;:\&quot;m\&quot;,\&quot;mm\&quot;:\&quot;m\&quot;,\&quot;h\&quot;:\&quot;h\&quot;,\&quot;hh\&quot;:\&quot;h\&quot;,\&quot;d\&quot;:\&quot;d\&quot;,\&quot;dd\&quot;:\&quot;d\&quot;,\&quot;w\&quot;:\&quot;t\&quot;,\&quot;ww\&quot;:\&quot;t\&quot;,\&quot;M\&quot;:\&quot;m\&quot;,\&quot;MM\&quot;:\&quot;m\&quot;,\&quot;y\&quot;:\&quot;r\&quot;,\&quot;yy\&quot;:\&quot;l\&quot;}&quot;"></b>
</div>
</div>
</div>
<a href="/akciove-ponuky/akciove-produkty/produkt/napoje/liehoviny-a-likery/rum-legenda-38/"
class="details-box" tabindex="0">
<div class="product__inner cc-tier2-higher-than-10-prod-blue-border">

<div class="product__info-wrapper">
<span class="product__name">Rum Legenda 38%</span>
<div class="product__secondary-text">
<div>
0,7 l + pohár                            </div>
<span>Pôvodná cena:</span>
<span class="product__price-text">24,99
(1 l=35,70 €)                </span>
<div class="product__price-cc-text">
<span>s Clubcard:</span>
</div>
<span class="product__price-cc-text">19,99</span>
(1 l=28,56 €)        </div>
<div class="product__discount-percentage">
<div class="product__discount-normal-price">
24,99
</div>
<div class="discount-percentage__text">
<span>
-20
<span class="discount__percentage-sign">%</span>
</span>
</div>
</div>
<div class="product__price-wrapper-outer-box">
<div class="product__price-wrapper">
<div class="product__price ">
<span class="price__left-part">
19,99
</span>
</div>
<div class="product__cc-price-text">
Clubcard ceny
</div>
</div>
</div>
</div>
<div class="product__img-wrapper">
<div class="product__img-holder">
<img data-src="/img/opt/tescoce_sk/products/2022-11-23/png/rum-legenda-38-2002020339861-1-5k.png" src="/img/lq/tescoce_sk/products/2022-11-23/png/rum-legenda-38-2002020339861-1-5k.png" alt="Rum Legenda 38%"//><noscript><img src="/img/opt/tescoce_sk/products/2022-11-23/png/rum-legenda-38-2002020339861-1-5k.png" alt="Rum Legenda 38%"//></noscript>
</div>
<img
class="country-flag"
src="/img/npc/flags/slovak.svg"
alt="szlovák zászló"
/>
</div>
</div>                                                            </a>
<div class="shopping-list-parts">
<div class="add-button">
<i class="icon">
<svg viewBox="0 0 24 24" width="100%" height="100%">
<line x1="3" y1="12" x2="21" y2="12"></line>
<line x1="12" y1="3" x2="12" y2="21"></line>
</svg>
</i>
<div class="add-text ddl_link_inline address addtoshoppinglist">
<div>
<span class="label_wrapper">
<span class="label">Pridať do zoznamu</span>
</span>
</div>
</div>
<span class="added-text">Pridané do <a
href="/akciove-ponuky/nakupny-zoznam/"
title="zoznamu"
target="_blank">zoznamu</a></span>
</div>
<div class="add-item">
<div class="add-item__inner">
<div class="newddl-text-field newddl-quantity qty_div">
<div class="newddl-button blue icon-bg standalone search-icon no-float less-button disabled">
<i class="icon">
<svg viewBox="0 0 24 8" width="100%" height="100%">
<line x1="3" y1="4" x2="21" y2="4"></line>
</svg>
</i>
</div>
<input type="text" class="newddl-quantity-input qty" value="1" min="1"
tabindex="0">
<div class="newddl-button blue icon-bg standalone search-icon no-float more-button">
<i class="icon">
<svg viewBox="0 0 24 24" width="100%" height="100%">
<line x1="3" y1="12" x2="21" y2="12"></line>
<line x1="12" y1="3" x2="12" y2="21"></line>
</svg>
</i>
</div>
</div>
<div class="newddl-button blue secondary no-float no-icon min-width accept-button add_to_basket"
onclick="addToBasket(this)"
data-template="/akciove-ponuky/nakupny-zoznam"
data-prod_id="1191982">
<span class="link-label">
Pridať do zoznamu                                              </span>
</div>
<div class="cancel-link"><a href="#cancel"
title="Zrušiť"
tabindex="0">Zrušiť</a>
</div>
</div>
</div>
<div class="added-item" style="">
<p class="t2 nddl">Pridané do <a
href="/akciove-ponuky/nakupny-zoznam/"
title="zoznamu"
target="_blank"
tabindex="0">zoznamu</a>
</p>
<a href="/akciove-ponuky/nakupny-zoznam/"
class="newddl-button blue secondary no-float no-icon min-width edit-button"
title="Upraviť zoznam" target="_blank"
tabindex="0">
<span class="link-label">Upraviť zoznam</span>
</a>
</div>
</div>
</div>

</div>
<div class="a-productListing__productsGrid__element">
<div class="ddl-product-lol  xEqHeights soon-expire"
title="Rum Pampero Aniversario 40%">
<div class="status-bar cf">
<div class="promo-countdown">

<i class="icon -lessThan48">
<svg xmlns="http://www.w3.org/2000/svg"
xmlns:xlink="http://www.w3.org/1999/xlink" width="22"
height="22" viewBox="0 0 22 22">
<defs>
<path id="ywjka"
d="M216.5 21a9.5 9.5 0 1 1-19 0 9.5 9.5 0 0 1 19 0z"/>
<path id="ywjkb" d="M207 14.5v7h-5"/>
</defs>
<g>
<g transform="translate(-196 -10)">
<use fill="#fff" fill-opacity="0" stroke="#fff"
stroke-miterlimit="50"
stroke-width="1.2" xlink:href="#ywjka"/>
</g>
<g transform="translate(-196 -10)">
<use fill="#fff" fill-opacity="0" stroke="#fff"
stroke-miterlimit="50"
stroke-width="1.2" xlink:href="#ywjkb"/>
</g>
</g>
</svg>
</i>

<i class="icon normal">
<svg xmlns="http://www.w3.org/2000/svg"
xmlns:xlink="http://www.w3.org/1999/xlink" width="22"
height="22" viewBox="0 0 22 22">
<defs>
<path id="ywjka"
d="M216.5 21a9.5 9.5 0 1 1-19 0 9.5 9.5 0 0 1 19 0z"/>
<path id="ywjkb" d="M207 14.5v7h-5"/>
</defs>
<g>
<g transform="translate(-196 -10)">
<use fill="#00539F" fill-opacity="0" stroke="#00539F"
stroke-miterlimit="50"
stroke-width="1.2" xlink:href="#ywjka"/>
</g>
<g transform="translate(-196 -10)">
<use fill="#00539F" fill-opacity="0" stroke="#00539F"
stroke-miterlimit="50"
stroke-width="1.2" xlink:href="#ywjkb"/>
</g>
</g>
</svg>
</i>

<div class="promo-countdown-wrapper">
<p>Zľava končí</p>
<b data-countdown="2023/01/04 0:00:00"
data-count-down-dur-locale="&quot;{\&quot;S\&quot;:\&quot;m\&quot;,\&quot;SS\&quot;:\&quot;m\&quot;,\&quot;s\&quot;:\&quot;d\&quot;,\&quot;ss\&quot;:\&quot;s\&quot;,\&quot;m\&quot;:\&quot;m\&quot;,\&quot;mm\&quot;:\&quot;m\&quot;,\&quot;h\&quot;:\&quot;h\&quot;,\&quot;hh\&quot;:\&quot;h\&quot;,\&quot;d\&quot;:\&quot;d\&quot;,\&quot;dd\&quot;:\&quot;d\&quot;,\&quot;w\&quot;:\&quot;t\&quot;,\&quot;ww\&quot;:\&quot;t\&quot;,\&quot;M\&quot;:\&quot;m\&quot;,\&quot;MM\&quot;:\&quot;m\&quot;,\&quot;y\&quot;:\&quot;r\&quot;,\&quot;yy\&quot;:\&quot;l\&quot;}&quot;"></b>
</div>
</div>
</div>
<a href="/akciove-ponuky/akciove-produkty/produkt/napoje/liehoviny-a-likery/rum-pampero-aniversario-40/"
class="details-box" tabindex="0">
<div class="product__inner cc-tier2-higher-than-10-prod-blue-border">

<div class="product__info-wrapper">
<span class="product__name">Rum Pampero Aniversario 40%</span>
<div class="product__secondary-text">
<div>
0,7 l                            </div>
<span>Pôvodná cena:</span>
<span class="product__price-text">36,99
(1 l=52,84 €)                </span>
<div class="product__price-cc-text">
<span>s Clubcard:</span>
</div>
<span class="product__price-cc-text">22,99</span>
(1 l=32,84 €)        </div>
<div class="product__discount-percentage">
<div class="product__discount-normal-price">
36,99
</div>
<div class="discount-percentage__text">
<span>
-37
<span class="discount__percentage-sign">%</span>
</span>
</div>
</div>
<div class="product__price-wrapper-outer-box">
<div class="product__price-wrapper">
<div class="product__price ">
<span class="price__left-part">
22,99
</span>
</div>
<div class="product__cc-price-text">
Clubcard ceny
</div>
</div>
</div>
</div>
<div class="product__img-wrapper">
<div class="product__img-holder">
<img data-src="/img/opt/tescoce_sk/products/2022-12-28/png/rum-pampero-2002020000710-1-5k.png" src="/img/lq/tescoce_sk/products/2022-12-28/png/rum-pampero-2002020000710-1-5k.png" alt="Rum Pampero Aniversario 40%"//><noscript><img src="/img/opt/tescoce_sk/products/2022-12-28/png/rum-pampero-2002020000710-1-5k.png" alt="Rum Pampero Aniversario 40%"//></noscript>
</div>
<img
class="country-flag"
src=""
alt=""
/>
</div>
</div>                                                            </a>
<div class="shopping-list-parts">
<div class="add-button">
<i class="icon">
<svg viewBox="0 0 24 24" width="100%" height="100%">
<line x1="3" y1="12" x2="21" y2="12"></line>
<line x1="12" y1="3" x2="12" y2="21"></line>
</svg>
</i>
<div class="add-text ddl_link_inline address addtoshoppinglist">
<div>
<span class="label_wrapper">
<span class="label">Pridať do zoznamu</span>
</span>
</div>
</div>
<span class="added-text">Pridané do <a
href="/akciove-ponuky/nakupny-zoznam/"
title="zoznamu"
target="_blank">zoznamu</a></span>
</div>
<div class="add-item">
<div class="add-item__inner">
<div class="newddl-text-field newddl-quantity qty_div">
<div class="newddl-button blue icon-bg standalone search-icon no-float less-button disabled">
<i class="icon">
<svg viewBox="0 0 24 8" width="100%" height="100%">
<line x1="3" y1="4" x2="21" y2="4"></line>
</svg>
</i>
</div>
<input type="text" class="newddl-quantity-input qty" value="1" min="1"
tabindex="0">
<div class="newddl-button blue icon-bg standalone search-icon no-float more-button">
<i class="icon">
<svg viewBox="0 0 24 24" width="100%" height="100%">
<line x1="3" y1="12" x2="21" y2="12"></line>
<line x1="12" y1="3" x2="12" y2="21"></line>
</svg>
</i>
</div>
</div>
<div class="newddl-button blue secondary no-float no-icon min-width accept-button add_to_basket"
onclick="addToBasket(this)"
data-template="/akciove-ponuky/nakupny-zoznam"
data-prod_id="1217132">
<span class="link-label">
Pridať do zoznamu                                              </span>
</div>
<div class="cancel-link"><a href="#cancel"
title="Zrušiť"
tabindex="0">Zrušiť</a>
</div>
</div>
</div>
<div class="added-item" style="">
<p class="t2 nddl">Pridané do <a
href="/akciove-ponuky/nakupny-zoznam/"
title="zoznamu"
target="_blank"
tabindex="0">zoznamu</a>
</p>
<a href="/akciove-ponuky/nakupny-zoznam/"
class="newddl-button blue secondary no-float no-icon min-width edit-button"
title="Upraviť zoznam" target="_blank"
tabindex="0">
<span class="link-label">Upraviť zoznam</span>
</a>
</div>
</div>
</div>

</div>
<div class="a-productListing__productsGrid__element">
<div class="ddl-product-lol  xEqHeights soon-expire"
title="Šariš 10°">
<div class="status-bar cf">
<div class="promo-countdown">

<i class="icon -lessThan48">
<svg xmlns="http://www.w3.org/2000/svg"
xmlns:xlink="http://www.w3.org/1999/xlink" width="22"
height="22" viewBox="0 0 22 22">
<defs>
<path id="ywjka"
d="M216.5 21a9.5 9.5 0 1 1-19 0 9.5 9.5 0 0 1 19 0z"/>
<path id="ywjkb" d="M207 14.5v7h-5"/>
</defs>
<g>
<g transform="translate(-196 -10)">
<use fill="#fff" fill-opacity="0" stroke="#fff"
stroke-miterlimit="50"
stroke-width="1.2" xlink:href="#ywjka"/>
</g>
<g transform="translate(-196 -10)">
<use fill="#fff" fill-opacity="0" stroke="#fff"
stroke-miterlimit="50"
stroke-width="1.2" xlink:href="#ywjkb"/>
</g>
</g>
</svg>
</i>

<i class="icon normal">
<svg xmlns="http://www.w3.org/2000/svg"
xmlns:xlink="http://www.w3.org/1999/xlink" width="22"
height="22" viewBox="0 0 22 22">
<defs>
<path id="ywjka"
d="M216.5 21a9.5 9.5 0 1 1-19 0 9.5 9.5 0 0 1 19 0z"/>
<path id="ywjkb" d="M207 14.5v7h-5"/>
</defs>
<g>
<g transform="translate(-196 -10)">
<use fill="#00539F" fill-opacity="0" stroke="#00539F"
stroke-miterlimit="50"
stroke-width="1.2" xlink:href="#ywjka"/>
</g>
<g transform="translate(-196 -10)">
<use fill="#00539F" fill-opacity="0" stroke="#00539F"
stroke-miterlimit="50"
stroke-width="1.2" xlink:href="#ywjkb"/>
</g>
</g>
</svg>
</i>

<div class="promo-countdown-wrapper">
<p>Zľava končí</p>
<b data-countdown="2023/01/04 0:00:00"
data-count-down-dur-locale="&quot;{\&quot;S\&quot;:\&quot;m\&quot;,\&quot;SS\&quot;:\&quot;m\&quot;,\&quot;s\&quot;:\&quot;d\&quot;,\&quot;ss\&quot;:\&quot;s\&quot;,\&quot;m\&quot;:\&quot;m\&quot;,\&quot;mm\&quot;:\&quot;m\&quot;,\&quot;h\&quot;:\&quot;h\&quot;,\&quot;hh\&quot;:\&quot;h\&quot;,\&quot;d\&quot;:\&quot;d\&quot;,\&quot;dd\&quot;:\&quot;d\&quot;,\&quot;w\&quot;:\&quot;t\&quot;,\&quot;ww\&quot;:\&quot;t\&quot;,\&quot;M\&quot;:\&quot;m\&quot;,\&quot;MM\&quot;:\&quot;m\&quot;,\&quot;y\&quot;:\&quot;r\&quot;,\&quot;yy\&quot;:\&quot;l\&quot;}&quot;"></b>
</div>
</div>
</div>
<a href="/akciove-ponuky/akciove-produkty/produkt/napoje/piva/saris-10-1/"
class="details-box" tabindex="0">
<div class="product__inner cc-tier2-higher-than-10-prod-blue-border">

<div class="product__info-wrapper">
<span class="product__name">Šariš 10°</span>
<div class="product__secondary-text">
<div>
fľaša, 0,5 l 
Záloha za vratný obal 0,13                            </div>
<span>Pôvodná cena:</span>
<span class="product__price-text">0,65
(1 l=1,30 €)                </span>
<div class="product__price-cc-text">
<span>s Clubcard:</span>
</div>
<span class="product__price-cc-text">0,39</span>
(1 l=0,78 €)        </div>
<div class="product__discount-percentage">
<div class="product__discount-normal-price">
0,65
</div>
<div class="discount-percentage__text">
<span>
-40
<span class="discount__percentage-sign">%</span>
</span>
</div>
</div>
<div class="product__price-wrapper-outer-box">
<div class="product__price-wrapper">
<div class="product__price ">
<span class="price__left-part">
0,39
</span>
</div>
<div class="product__cc-price-text">
Clubcard ceny
</div>
</div>
</div>
</div>
<div class="product__img-wrapper">
<div class="product__img-holder">
<img data-src="/img/opt/tescoce_sk/products/2022-12-07/png/saris-10-flasa-2002006450948-1-5k.png" src="/img/lq/tescoce_sk/products/2022-12-07/png/saris-10-flasa-2002006450948-1-5k.png" alt="Šariš 10°"//><noscript><img src="/img/opt/tescoce_sk/products/2022-12-07/png/saris-10-flasa-2002006450948-1-5k.png" alt="Šariš 10°"//></noscript>
</div>
<img
class="country-flag"
src="/img/npc/flags/slovak.svg"
alt="szlovák zászló"
/>
</div>
</div>                                                            </a>
<div class="shopping-list-parts">
<div class="add-button">
<i class="icon">
<svg viewBox="0 0 24 24" width="100%" height="100%">
<line x1="3" y1="12" x2="21" y2="12"></line>
<line x1="12" y1="3" x2="12" y2="21"></line>
</svg>
</i>
<div class="add-text ddl_link_inline address addtoshoppinglist">
<div>
<span class="label_wrapper">
<span class="label">Pridať do zoznamu</span>
</span>
</div>
</div>
<span class="added-text">Pridané do <a
href="/akciove-ponuky/nakupny-zoznam/"
title="zoznamu"
target="_blank">zoznamu</a></span>
</div>
<div class="add-item">
<div class="add-item__inner">
<div class="newddl-text-field newddl-quantity qty_div">
<div class="newddl-button blue icon-bg standalone search-icon no-float less-button disabled">
<i class="icon">
<svg viewBox="0 0 24 8" width="100%" height="100%">
<line x1="3" y1="4" x2="21" y2="4"></line>
</svg>
</i>
</div>
<input type="text" class="newddl-quantity-input qty" value="1" min="1"
tabindex="0">
<div class="newddl-button blue icon-bg standalone search-icon no-float more-button">
<i class="icon">
<svg viewBox="0 0 24 24" width="100%" height="100%">
<line x1="3" y1="12" x2="21" y2="12"></line>
<line x1="12" y1="3" x2="12" y2="21"></line>
</svg>
</i>
</div>
</div>
<div class="newddl-button blue secondary no-float no-icon min-width accept-button add_to_basket"
onclick="addToBasket(this)"
data-template="/akciove-ponuky/nakupny-zoznam"
data-prod_id="1209712">
<span class="link-label">
Pridať do zoznamu                                              </span>
</div>
<div class="cancel-link"><a href="#cancel"
title="Zrušiť"
tabindex="0">Zrušiť</a>
</div>
</div>
</div>
<div class="added-item" style="">
<p class="t2 nddl">Pridané do <a
href="/akciove-ponuky/nakupny-zoznam/"
title="zoznamu"
target="_blank"
tabindex="0">zoznamu</a>
</p>
<a href="/akciove-ponuky/nakupny-zoznam/"
class="newddl-button blue secondary no-float no-icon min-width edit-button"
title="Upraviť zoznam" target="_blank"
tabindex="0">
<span class="link-label">Upraviť zoznam</span>
</a>
</div>
</div>
</div>

</div>
<div class="a-productListing__productsGrid__element">
<div class="ddl-product-lol  xEqHeights soon-expire"
title="Schweppes tonic">
<div class="status-bar cf">
<div class="promo-countdown">

<i class="icon -lessThan48">
<svg xmlns="http://www.w3.org/2000/svg"
xmlns:xlink="http://www.w3.org/1999/xlink" width="22"
height="22" viewBox="0 0 22 22">
<defs>
<path id="ywjka"
d="M216.5 21a9.5 9.5 0 1 1-19 0 9.5 9.5 0 0 1 19 0z"/>
<path id="ywjkb" d="M207 14.5v7h-5"/>
</defs>
<g>
<g transform="translate(-196 -10)">
<use fill="#fff" fill-opacity="0" stroke="#fff"
stroke-miterlimit="50"
stroke-width="1.2" xlink:href="#ywjka"/>
</g>
<g transform="translate(-196 -10)">
<use fill="#fff" fill-opacity="0" stroke="#fff"
stroke-miterlimit="50"
stroke-width="1.2" xlink:href="#ywjkb"/>
</g>
</g>
</svg>
</i>

<i class="icon normal">
<svg xmlns="http://www.w3.org/2000/svg"
xmlns:xlink="http://www.w3.org/1999/xlink" width="22"
height="22" viewBox="0 0 22 22">
<defs>
<path id="ywjka"
d="M216.5 21a9.5 9.5 0 1 1-19 0 9.5 9.5 0 0 1 19 0z"/>
<path id="ywjkb" d="M207 14.5v7h-5"/>
</defs>
<g>
<g transform="translate(-196 -10)">
<use fill="#00539F" fill-opacity="0" stroke="#00539F"
stroke-miterlimit="50"
stroke-width="1.2" xlink:href="#ywjka"/>
</g>
<g transform="translate(-196 -10)">
<use fill="#00539F" fill-opacity="0" stroke="#00539F"
stroke-miterlimit="50"
stroke-width="1.2" xlink:href="#ywjkb"/>
</g>
</g>
</svg>
</i>

<div class="promo-countdown-wrapper">
<p>Zľava končí</p>
<b data-countdown="2023/01/04 0:00:00"
data-count-down-dur-locale="&quot;{\&quot;S\&quot;:\&quot;m\&quot;,\&quot;SS\&quot;:\&quot;m\&quot;,\&quot;s\&quot;:\&quot;d\&quot;,\&quot;ss\&quot;:\&quot;s\&quot;,\&quot;m\&quot;:\&quot;m\&quot;,\&quot;mm\&quot;:\&quot;m\&quot;,\&quot;h\&quot;:\&quot;h\&quot;,\&quot;hh\&quot;:\&quot;h\&quot;,\&quot;d\&quot;:\&quot;d\&quot;,\&quot;dd\&quot;:\&quot;d\&quot;,\&quot;w\&quot;:\&quot;t\&quot;,\&quot;ww\&quot;:\&quot;t\&quot;,\&quot;M\&quot;:\&quot;m\&quot;,\&quot;MM\&quot;:\&quot;m\&quot;,\&quot;y\&quot;:\&quot;r\&quot;,\&quot;yy\&quot;:\&quot;l\&quot;}&quot;"></b>
</div>
</div>
</div>
<a href="/akciove-ponuky/akciove-produkty/produkt/napoje/nealkoholicke-napoje/schweppes-tonic/"
class="details-box" tabindex="0">
<div class="product__inner cc-tier2-higher-than-10-prod-blue-border">

<div class="product__info-wrapper">
<span class="product__name">Schweppes tonic</span>
<div class="product__secondary-text">
<div>
viac druhov, 1,5 l. 
Záloha za vratný 
obal 0,15                            </div>
<span>Pôvodná cena:</span>
<span class="product__price-text">1,45
(1 l=0,97 €)                </span>
<div class="product__price-cc-text">
<span>s Clubcard:</span>
</div>
<span class="product__price-cc-text">0,95</span>
(1 l=0,63 €)        </div>
<div class="product__discount-percentage">
<div class="product__discount-normal-price">
1,45
</div>
<div class="discount-percentage__text">
<span>
-34
<span class="discount__percentage-sign">%</span>
</span>
</div>
</div>
<div class="product__price-wrapper-outer-box">
<div class="product__price-wrapper">
<div class="product__price ">
<span class="price__left-part">
0,95
</span>
</div>
<div class="product__cc-price-text">
Clubcard ceny
</div>
</div>
</div>
</div>
<div class="product__img-wrapper">
<div class="product__img-holder">
<img data-src="/img/opt/tescoce_sk/products/2022-12-28/png/schweppes-tonic-2002121563059-1-5k.png" src="/img/lq/tescoce_sk/products/2022-12-28/png/schweppes-tonic-2002121563059-1-5k.png" alt="Schweppes tonic"//><noscript><img src="/img/opt/tescoce_sk/products/2022-12-28/png/schweppes-tonic-2002121563059-1-5k.png" alt="Schweppes tonic"//></noscript>
</div>
<img
class="country-flag"
src=""
alt=""
/>
</div>
</div>                                                            </a>
<div class="shopping-list-parts">
<div class="add-button">
<i class="icon">
<svg viewBox="0 0 24 24" width="100%" height="100%">
<line x1="3" y1="12" x2="21" y2="12"></line>
<line x1="12" y1="3" x2="12" y2="21"></line>
</svg>
</i>
<div class="add-text ddl_link_inline address addtoshoppinglist">
<div>
<span class="label_wrapper">
<span class="label">Pridať do zoznamu</span>
</span>
</div>
</div>
<span class="added-text">Pridané do <a
href="/akciove-ponuky/nakupny-zoznam/"
title="zoznamu"
target="_blank">zoznamu</a></span>
</div>
<div class="add-item">
<div class="add-item__inner">
<div class="newddl-text-field newddl-quantity qty_div">
<div class="newddl-button blue icon-bg standalone search-icon no-float less-button disabled">
<i class="icon">
<svg viewBox="0 0 24 8" width="100%" height="100%">
<line x1="3" y1="4" x2="21" y2="4"></line>
</svg>
</i>
</div>
<input type="text" class="newddl-quantity-input qty" value="1" min="1"
tabindex="0">
<div class="newddl-button blue icon-bg standalone search-icon no-float more-button">
<i class="icon">
<svg viewBox="0 0 24 24" width="100%" height="100%">
<line x1="3" y1="12" x2="21" y2="12"></line>
<line x1="12" y1="3" x2="12" y2="21"></line>
</svg>
</i>
</div>
</div>
<div class="newddl-button blue secondary no-float no-icon min-width accept-button add_to_basket"
onclick="addToBasket(this)"
data-template="/akciove-ponuky/nakupny-zoznam"
data-prod_id="1217192">
<span class="link-label">
Pridať do zoznamu                                              </span>
</div>
<div class="cancel-link"><a href="#cancel"
title="Zrušiť"
tabindex="0">Zrušiť</a>
</div>
</div>
</div>
<div class="added-item" style="">
<p class="t2 nddl">Pridané do <a
href="/akciove-ponuky/nakupny-zoznam/"
title="zoznamu"
target="_blank"
tabindex="0">zoznamu</a>
</p>
<a href="/akciove-ponuky/nakupny-zoznam/"
class="newddl-button blue secondary no-float no-icon min-width edit-button"
title="Upraviť zoznam" target="_blank"
tabindex="0">
<span class="link-label">Upraviť zoznam</span>
</a>
</div>
</div>
</div>

</div>
<div class="a-productListing__productsGrid__element">
<div class="ddl-product-lol  xEqHeights soon-expire"
title="Spišská borovička 40% + slivovica 52%">
<div class="status-bar cf">
<div class="hovershowtooltip">
<div class="inner">
Ponuka je platná do 31.12.2022.
</div>
<div class="arrow-container">
<div class="arrow-down"></div>
<div class="arrow-down-fg"></div>
</div>
</div>
<a href="https://potravinydomov.itesco.sk/groceries/sk-SK/products/2002020187975"
class="newddl-button left transparent ghs-link"
tabindex="0" target="_blank">
<i class="icon">
<svg xmlns="http://www.w3.org/2000/svg"
xmlns:xlink="http://www.w3.org/1999/xlink"
style="width: 20px !important" height="13" viewBox="0 0 23 13">
<defs>
<path id="clxfa"
d="M33.33 21.44c.44.1.67.38.67.8v3.1c0 .47-.38.84-.84.84h-.9a2.2 2.2 0 0 1-2.18 1.8 2.2 2.2 0 0 1-2.17-1.8h-7.9a2.22 2.22 0 0 1-2.2 1.82c-1.1 0-2-.79-2.19-1.82h-1.66c-.97 0-1.15-.92-1.25-1.41l-1.04-4.25-.41-.27a.3.3 0 0 1-.14-.23L11 18.73c0-.84.66-1.5 1.48-1.5h2.3l-.14.15a.46.46 0 0 0 0 .66.47.47 0 0 0 .66 0l.8-.8h.01l2.11-2.1c.14-.14.41-.19.58-.09.15.09.24.24.24.4 0 .13-.05.24-.14.33l-1.47 1.46h4.39l-1.47-1.46a.46.46 0 0 1 .1-.73c.17-.1.43-.05.57.1L24 18.08c.08.06.18.1.28.1.17 0 .32-.09.4-.24.1-.17.05-.43-.09-.57l-.14-.14h2.31c.77 0 1.39.57 1.47 1.3h1.75c.22 0 .8 0 1.03.71l.8 1.94zM28.7 25.8c0 .75.62 1.36 1.37 1.36.86 0 1.54-.77 1.35-1.65-.1-.52-.53-.93-1.05-1.04a1.38 1.38 0 0 0-1.67 1.33zm-2.17-1c-.05.23-.12.44-.22.63h1.6a2.2 2.2 0 0 1 2.16-1.81c1.09 0 2 .76 2.18 1.8h.9c.04 0 .07-.03.07-.06v-3.11-.04l-.06-.01-1.7-.28a.39.39 0 0 1-.3-.23l-.9-2.2c-.05-.16-.08-.17-.29-.17h-1.77-.02l-.06.71a.3.3 0 0 1-.14.23l-.41.27zm-8.25-4.07a.42.42 0 0 0-.42.43l.29 2.69a.42.42 0 1 0 .83-.02l-.28-2.69a.42.42 0 0 0-.42-.4zm-3 3.15c.02.21.2.38.41.38h.04a.42.42 0 0 0 .38-.46l-.43-2.69a.41.41 0 0 0-.45-.38.42.42 0 0 0-.38.46zm2.53 3.27c.61 0 1.13-.4 1.3-.96h-2.6c.16.56.68.96 1.3.96zm4.11-6a.42.42 0 0 0-.41-.42.41.41 0 0 0-.42.4l-.28 2.72c0 .22.18.4.41.4.23 0 .42-.18.42-.39zm2.17 3.1c.22 0 .4-.16.42-.36l.43-2.71a.41.41 0 0 0-.38-.45.42.42 0 0 0-.45.37l-.43 2.71c-.01.11.02.22.1.3.07.09.17.14.28.15z"></path>
</defs>
<g>
<g clip-path="url(#clip-72B53A8F-48D2-421E-9EC9-9A8CE7DC52A1)"
transform="translate(-11 -15)">
<use fill="#00549e" stroke="none" xlink:href="#clxfa"></use>
</g>
</g>
</svg>
</i>
<div class="ddl_link_inline address shoponline"
style="display: inline-block; vertical-align: middle;">
<span class="link">
<span class="label_wrapper">
<span class="label">
Kúpiť teraz                                                    </span>
</span>
</span>
</div>
</a>
<div class="promo-countdown -lessThan48">

<i class="icon -lessThan48">
<svg xmlns="http://www.w3.org/2000/svg"
xmlns:xlink="http://www.w3.org/1999/xlink" width="22"
height="22" viewBox="0 0 22 22">
<defs>
<path id="ywjka"
d="M216.5 21a9.5 9.5 0 1 1-19 0 9.5 9.5 0 0 1 19 0z"/>
<path id="ywjkb" d="M207 14.5v7h-5"/>
</defs>
<g>
<g transform="translate(-196 -10)">
<use fill="#fff" fill-opacity="0" stroke="#fff"
stroke-miterlimit="50"
stroke-width="1.2" xlink:href="#ywjka"/>
</g>
<g transform="translate(-196 -10)">
<use fill="#fff" fill-opacity="0" stroke="#fff"
stroke-miterlimit="50"
stroke-width="1.2" xlink:href="#ywjkb"/>
</g>
</g>
</svg>
</i>

<i class="icon normal">
<svg xmlns="http://www.w3.org/2000/svg"
xmlns:xlink="http://www.w3.org/1999/xlink" width="22"
height="22" viewBox="0 0 22 22">
<defs>
<path id="ywjka"
d="M216.5 21a9.5 9.5 0 1 1-19 0 9.5 9.5 0 0 1 19 0z"/>
<path id="ywjkb" d="M207 14.5v7h-5"/>
</defs>
<g>
<g transform="translate(-196 -10)">
<use fill="#00539F" fill-opacity="0" stroke="#00539F"
stroke-miterlimit="50"
stroke-width="1.2" xlink:href="#ywjka"/>
</g>
<g transform="translate(-196 -10)">
<use fill="#00539F" fill-opacity="0" stroke="#00539F"
stroke-miterlimit="50"
stroke-width="1.2" xlink:href="#ywjkb"/>
</g>
</g>
</svg>
</i>

<div class="promo-countdown-wrapper">
<p>Zľava končí</p>
<b data-countdown="2023/01/01 0:00:00"
data-count-down-dur-locale="&quot;{\&quot;S\&quot;:\&quot;m\&quot;,\&quot;SS\&quot;:\&quot;m\&quot;,\&quot;s\&quot;:\&quot;d\&quot;,\&quot;ss\&quot;:\&quot;s\&quot;,\&quot;m\&quot;:\&quot;m\&quot;,\&quot;mm\&quot;:\&quot;m\&quot;,\&quot;h\&quot;:\&quot;h\&quot;,\&quot;hh\&quot;:\&quot;h\&quot;,\&quot;d\&quot;:\&quot;d\&quot;,\&quot;dd\&quot;:\&quot;d\&quot;,\&quot;w\&quot;:\&quot;t\&quot;,\&quot;ww\&quot;:\&quot;t\&quot;,\&quot;M\&quot;:\&quot;m\&quot;,\&quot;MM\&quot;:\&quot;m\&quot;,\&quot;y\&quot;:\&quot;r\&quot;,\&quot;yy\&quot;:\&quot;l\&quot;}&quot;"></b>
</div>
</div>
</div>
<a href="/akciove-ponuky/akciove-produkty/produkt/napoje/liehoviny-a-likery/spisska-borovicka-40-slivovica-52/"
class="details-box" tabindex="0">
<div class="product__inner cc-tier2-higher-than-10-prod-blue-border">

<div class="product__info-wrapper">
<span class="product__name">Spišská borovička 40% + slivovica 52%</span>
<div class="product__secondary-text">
<div>
2 × 0,7 l + poháriky                            </div>
<span>Pôvodná cena:</span>
<span class="product__price-text">34,99
(1 l=24,99 €)                </span>
<div class="product__price-cc-text">
<span>s Clubcard:</span>
</div>
<span class="product__price-cc-text">27,99</span>
(1 l=19,99 €)        </div>
<div class="product__discount-percentage">
<div class="product__discount-normal-price">
34,99
</div>
<div class="discount-percentage__text">
<span>
-20
<span class="discount__percentage-sign">%</span>
</span>
</div>
</div>
<div class="product__price-wrapper-outer-box">
<div class="product__price-wrapper">
<div class="product__price ">
<span class="price__left-part">
27,99
</span>
</div>
<div class="product__cc-price-text">
Clubcard ceny
</div>
</div>
</div>
</div>
<div class="product__img-wrapper">
<div class="product__img-holder">
<img data-src="/img/opt/tescoce_sk/products/2022-12-14/png/spisska-borovicka-40-slivovica-52-2002020187975-1-5k.png" src="/img/lq/tescoce_sk/products/2022-12-14/png/spisska-borovicka-40-slivovica-52-2002020187975-1-5k.png" alt="Spišská borovička 40% + slivovica 52%"//><noscript><img src="/img/opt/tescoce_sk/products/2022-12-14/png/spisska-borovicka-40-slivovica-52-2002020187975-1-5k.png" alt="Spišská borovička 40% + slivovica 52%"//></noscript>
</div>
<img
class="country-flag"
src="/img/npc/flags/slovak.svg"
alt="szlovák zászló"
/>
</div>
</div>                                                            </a>
<div class="shopping-list-parts">
<div class="add-button">
<i class="icon">
<svg viewBox="0 0 24 24" width="100%" height="100%">
<line x1="3" y1="12" x2="21" y2="12"></line>
<line x1="12" y1="3" x2="12" y2="21"></line>
</svg>
</i>
<div class="add-text ddl_link_inline address addtoshoppinglist">
<div>
<span class="label_wrapper">
<span class="label">Pridať do zoznamu</span>
</span>
</div>
</div>
<span class="added-text">Pridané do <a
href="/akciove-ponuky/nakupny-zoznam/"
title="zoznamu"
target="_blank">zoznamu</a></span>
</div>
<div class="add-item">
<div class="add-item__inner">
<div class="newddl-text-field newddl-quantity qty_div">
<div class="newddl-button blue icon-bg standalone search-icon no-float less-button disabled">
<i class="icon">
<svg viewBox="0 0 24 8" width="100%" height="100%">
<line x1="3" y1="4" x2="21" y2="4"></line>
</svg>
</i>
</div>
<input type="text" class="newddl-quantity-input qty" value="1" min="1"
tabindex="0">
<div class="newddl-button blue icon-bg standalone search-icon no-float more-button">
<i class="icon">
<svg viewBox="0 0 24 24" width="100%" height="100%">
<line x1="3" y1="12" x2="21" y2="12"></line>
<line x1="12" y1="3" x2="12" y2="21"></line>
</svg>
</i>
</div>
</div>
<div class="newddl-button blue secondary no-float no-icon min-width accept-button add_to_basket"
onclick="addToBasket(this)"
data-template="/akciove-ponuky/nakupny-zoznam"
data-prod_id="1211422">
<span class="link-label">
Pridať do zoznamu                                              </span>
</div>
<div class="cancel-link"><a href="#cancel"
title="Zrušiť"
tabindex="0">Zrušiť</a>
</div>
</div>
</div>
<div class="added-item" style="">
<p class="t2 nddl">Pridané do <a
href="/akciove-ponuky/nakupny-zoznam/"
title="zoznamu"
target="_blank"
tabindex="0">zoznamu</a>
</p>
<a href="/akciove-ponuky/nakupny-zoznam/"
class="newddl-button blue secondary no-float no-icon min-width edit-button"
title="Upraviť zoznam" target="_blank"
tabindex="0">
<span class="link-label">Upraviť zoznam</span>
</a>
</div>
</div>
</div>

</div>
<div class="a-productListing__productsGrid__element">
<div class="ddl-product-lol  xEqHeights soon-expire"
title="Starbucks Holiday Blend">
<div class="status-bar cf">
<div class="promo-countdown -lessThan48">

<i class="icon -lessThan48">
<svg xmlns="http://www.w3.org/2000/svg"
xmlns:xlink="http://www.w3.org/1999/xlink" width="22"
height="22" viewBox="0 0 22 22">
<defs>
<path id="ywjka"
d="M216.5 21a9.5 9.5 0 1 1-19 0 9.5 9.5 0 0 1 19 0z"/>
<path id="ywjkb" d="M207 14.5v7h-5"/>
</defs>
<g>
<g transform="translate(-196 -10)">
<use fill="#fff" fill-opacity="0" stroke="#fff"
stroke-miterlimit="50"
stroke-width="1.2" xlink:href="#ywjka"/>
</g>
<g transform="translate(-196 -10)">
<use fill="#fff" fill-opacity="0" stroke="#fff"
stroke-miterlimit="50"
stroke-width="1.2" xlink:href="#ywjkb"/>
</g>
</g>
</svg>
</i>

<i class="icon normal">
<svg xmlns="http://www.w3.org/2000/svg"
xmlns:xlink="http://www.w3.org/1999/xlink" width="22"
height="22" viewBox="0 0 22 22">
<defs>
<path id="ywjka"
d="M216.5 21a9.5 9.5 0 1 1-19 0 9.5 9.5 0 0 1 19 0z"/>
<path id="ywjkb" d="M207 14.5v7h-5"/>
</defs>
<g>
<g transform="translate(-196 -10)">
<use fill="#00539F" fill-opacity="0" stroke="#00539F"
stroke-miterlimit="50"
stroke-width="1.2" xlink:href="#ywjka"/>
</g>
<g transform="translate(-196 -10)">
<use fill="#00539F" fill-opacity="0" stroke="#00539F"
stroke-miterlimit="50"
stroke-width="1.2" xlink:href="#ywjkb"/>
</g>
</g>
</svg>
</i>

<div class="promo-countdown-wrapper">
<p>Zľava končí</p>
<b data-countdown="2023/01/01 0:00:00"
data-count-down-dur-locale="&quot;{\&quot;S\&quot;:\&quot;m\&quot;,\&quot;SS\&quot;:\&quot;m\&quot;,\&quot;s\&quot;:\&quot;d\&quot;,\&quot;ss\&quot;:\&quot;s\&quot;,\&quot;m\&quot;:\&quot;m\&quot;,\&quot;mm\&quot;:\&quot;m\&quot;,\&quot;h\&quot;:\&quot;h\&quot;,\&quot;hh\&quot;:\&quot;h\&quot;,\&quot;d\&quot;:\&quot;d\&quot;,\&quot;dd\&quot;:\&quot;d\&quot;,\&quot;w\&quot;:\&quot;t\&quot;,\&quot;ww\&quot;:\&quot;t\&quot;,\&quot;M\&quot;:\&quot;m\&quot;,\&quot;MM\&quot;:\&quot;m\&quot;,\&quot;y\&quot;:\&quot;r\&quot;,\&quot;yy\&quot;:\&quot;l\&quot;}&quot;"></b>
</div>
</div>
</div>
<a href="/akciove-ponuky/akciove-produkty/produkt/napoje/kava-a-teple-napoje/starbucks-holiday-blend/"
class="details-box" tabindex="0">
<div class="product__inner cc-tier2-higher-than-10-prod-blue-border">

<div class="product__info-wrapper">
<span class="product__name">Starbucks Holiday Blend</span>
<div class="product__secondary-text">
<div>
zrnková káva, 190 g                            </div>
<span>Pôvodná cena:</span>
<span class="product__price-text">6,99
(1 kg=36,79 €)                </span>
<div class="product__price-cc-text">
<span>s Clubcard:</span>
</div>
<span class="product__price-cc-text">5,59</span>
(1 kg=29,42 €)        </div>
<div class="product__discount-percentage">
<div class="product__discount-normal-price">
6,99
</div>
<div class="discount-percentage__text">
<span>
-20
<span class="discount__percentage-sign">%</span>
</span>
</div>
</div>
<div class="product__price-wrapper-outer-box">
<div class="product__price-wrapper">
<div class="product__price ">
<span class="price__left-part">
5,59
</span>
</div>
<div class="product__cc-price-text">
Clubcard ceny
</div>
</div>
</div>
</div>
<div class="product__img-wrapper">
<div class="product__img-holder">
<img data-src="/img/opt/tescoce_sk/products/2022-12-07/png/starbucks-2002020305371-1-5k.png" src="/img/lq/tescoce_sk/products/2022-12-07/png/starbucks-2002020305371-1-5k.png" alt="Starbucks Holiday Blend"//><noscript><img src="/img/opt/tescoce_sk/products/2022-12-07/png/starbucks-2002020305371-1-5k.png" alt="Starbucks Holiday Blend"//></noscript>
</div>
<img
class="country-flag"
src=""
alt=""
/>
</div>
</div>                                                            </a>
<div class="shopping-list-parts">
<div class="add-button">
<i class="icon">
<svg viewBox="0 0 24 24" width="100%" height="100%">
<line x1="3" y1="12" x2="21" y2="12"></line>
<line x1="12" y1="3" x2="12" y2="21"></line>
</svg>
</i>
<div class="add-text ddl_link_inline address addtoshoppinglist">
<div>
<span class="label_wrapper">
<span class="label">Pridať do zoznamu</span>
</span>
</div>
</div>
<span class="added-text">Pridané do <a
href="/akciove-ponuky/nakupny-zoznam/"
title="zoznamu"
target="_blank">zoznamu</a></span>
</div>
<div class="add-item">
<div class="add-item__inner">
<div class="newddl-text-field newddl-quantity qty_div">
<div class="newddl-button blue icon-bg standalone search-icon no-float less-button disabled">
<i class="icon">
<svg viewBox="0 0 24 8" width="100%" height="100%">
<line x1="3" y1="4" x2="21" y2="4"></line>
</svg>
</i>
</div>
<input type="text" class="newddl-quantity-input qty" value="1" min="1"
tabindex="0">
<div class="newddl-button blue icon-bg standalone search-icon no-float more-button">
<i class="icon">
<svg viewBox="0 0 24 24" width="100%" height="100%">
<line x1="3" y1="12" x2="21" y2="12"></line>
<line x1="12" y1="3" x2="12" y2="21"></line>
</svg>
</i>
</div>
</div>
<div class="newddl-button blue secondary no-float no-icon min-width accept-button add_to_basket"
onclick="addToBasket(this)"
data-template="/akciove-ponuky/nakupny-zoznam"
data-prod_id="1205811">
<span class="link-label">
Pridať do zoznamu                                              </span>
</div>
<div class="cancel-link"><a href="#cancel"
title="Zrušiť"
tabindex="0">Zrušiť</a>
</div>
</div>
</div>
<div class="added-item" style="">
<p class="t2 nddl">Pridané do <a
href="/akciove-ponuky/nakupny-zoznam/"
title="zoznamu"
target="_blank"
tabindex="0">zoznamu</a>
</p>
<a href="/akciove-ponuky/nakupny-zoznam/"
class="newddl-button blue secondary no-float no-icon min-width edit-button"
title="Upraviť zoznam" target="_blank"
tabindex="0">
<span class="link-label">Upraviť zoznam</span>
</a>
</div>
</div>
</div>

</div>
<div class="a-productListing__productsGrid__element">
<div class="ddl-product-lol  xEqHeights soon-expire"
title="Stockwell tonic">
<div class="status-bar cf">
<div class="promo-countdown">

<i class="icon -lessThan48">
<svg xmlns="http://www.w3.org/2000/svg"
xmlns:xlink="http://www.w3.org/1999/xlink" width="22"
height="22" viewBox="0 0 22 22">
<defs>
<path id="ywjka"
d="M216.5 21a9.5 9.5 0 1 1-19 0 9.5 9.5 0 0 1 19 0z"/>
<path id="ywjkb" d="M207 14.5v7h-5"/>
</defs>
<g>
<g transform="translate(-196 -10)">
<use fill="#fff" fill-opacity="0" stroke="#fff"
stroke-miterlimit="50"
stroke-width="1.2" xlink:href="#ywjka"/>
</g>
<g transform="translate(-196 -10)">
<use fill="#fff" fill-opacity="0" stroke="#fff"
stroke-miterlimit="50"
stroke-width="1.2" xlink:href="#ywjkb"/>
</g>
</g>
</svg>
</i>

<i class="icon normal">
<svg xmlns="http://www.w3.org/2000/svg"
xmlns:xlink="http://www.w3.org/1999/xlink" width="22"
height="22" viewBox="0 0 22 22">
<defs>
<path id="ywjka"
d="M216.5 21a9.5 9.5 0 1 1-19 0 9.5 9.5 0 0 1 19 0z"/>
<path id="ywjkb" d="M207 14.5v7h-5"/>
</defs>
<g>
<g transform="translate(-196 -10)">
<use fill="#00539F" fill-opacity="0" stroke="#00539F"
stroke-miterlimit="50"
stroke-width="1.2" xlink:href="#ywjka"/>
</g>
<g transform="translate(-196 -10)">
<use fill="#00539F" fill-opacity="0" stroke="#00539F"
stroke-miterlimit="50"
stroke-width="1.2" xlink:href="#ywjkb"/>
</g>
</g>
</svg>
</i>

<div class="promo-countdown-wrapper">
<p>Zľava končí</p>
<b data-countdown="2023/01/04 0:00:00"
data-count-down-dur-locale="&quot;{\&quot;S\&quot;:\&quot;m\&quot;,\&quot;SS\&quot;:\&quot;m\&quot;,\&quot;s\&quot;:\&quot;d\&quot;,\&quot;ss\&quot;:\&quot;s\&quot;,\&quot;m\&quot;:\&quot;m\&quot;,\&quot;mm\&quot;:\&quot;m\&quot;,\&quot;h\&quot;:\&quot;h\&quot;,\&quot;hh\&quot;:\&quot;h\&quot;,\&quot;d\&quot;:\&quot;d\&quot;,\&quot;dd\&quot;:\&quot;d\&quot;,\&quot;w\&quot;:\&quot;t\&quot;,\&quot;ww\&quot;:\&quot;t\&quot;,\&quot;M\&quot;:\&quot;m\&quot;,\&quot;MM\&quot;:\&quot;m\&quot;,\&quot;y\&quot;:\&quot;r\&quot;,\&quot;yy\&quot;:\&quot;l\&quot;}&quot;"></b>
</div>
</div>
</div>
<a href="/akciove-ponuky/akciove-produkty/produkt/napoje/nealkoholicke-napoje/stockwell-tonic/"
class="details-box" tabindex="0">
<div class="product__inner normal_price__product">
<div class="product__price_guarantee-icon">
</div>

<div class="product__info-wrapper">
<div class="product__exclusivity">
</div>
<div class="product__text-name-wrapper">
<div class="product__text-name-wrapper">
<span class="product__name">Stockwell tonic</span>
</div>
</div>
<div class="product__secondary-text">
2 l 
Záloha za vratný obal 0,15                                        <br/>(1 l=0,15 €)        </div>
<div class="product__price-wrapper">
<div class="product__price">
<span class="price__left-part">
0
</span>
<span class="price__right-part">
29
</span>
</div>
<div class="product__currency"></div>
</div>
</div>
<div class="product__img-wrapper">
<div class="product__img-holder">
<img data-src="/img/opt/tescoce_sk/products/2022-12-28/png/stockwell-tonic-2002121561608-1-5k.png" src="/img/lq/tescoce_sk/products/2022-12-28/png/stockwell-tonic-2002121561608-1-5k.png" alt="Stockwell tonic"//><noscript><img src="/img/opt/tescoce_sk/products/2022-12-28/png/stockwell-tonic-2002121561608-1-5k.png" alt="Stockwell tonic"//></noscript>
</div>
<img class="country-flag" src="" alt=""/>
</div>
</div>                                                            </a>
<div class="shopping-list-parts">
<div class="add-button">
<i class="icon">
<svg viewBox="0 0 24 24" width="100%" height="100%">
<line x1="3" y1="12" x2="21" y2="12"></line>
<line x1="12" y1="3" x2="12" y2="21"></line>
</svg>
</i>
<div class="add-text ddl_link_inline address addtoshoppinglist">
<div>
<span class="label_wrapper">
<span class="label">Pridať do zoznamu</span>
</span>
</div>
</div>
<span class="added-text">Pridané do <a
href="/akciove-ponuky/nakupny-zoznam/"
title="zoznamu"
target="_blank">zoznamu</a></span>
</div>
<div class="add-item">
<div class="add-item__inner">
<div class="newddl-text-field newddl-quantity qty_div">
<div class="newddl-button blue icon-bg standalone search-icon no-float less-button disabled">
<i class="icon">
<svg viewBox="0 0 24 8" width="100%" height="100%">
<line x1="3" y1="4" x2="21" y2="4"></line>
</svg>
</i>
</div>
<input type="text" class="newddl-quantity-input qty" value="1" min="1"
tabindex="0">
<div class="newddl-button blue icon-bg standalone search-icon no-float more-button">
<i class="icon">
<svg viewBox="0 0 24 24" width="100%" height="100%">
<line x1="3" y1="12" x2="21" y2="12"></line>
<line x1="12" y1="3" x2="12" y2="21"></line>
</svg>
</i>
</div>
</div>
<div class="newddl-button blue secondary no-float no-icon min-width accept-button add_to_basket"
onclick="addToBasket(this)"
data-template="/akciove-ponuky/nakupny-zoznam"
data-prod_id="1216002">
<span class="link-label">
Pridať do zoznamu                                              </span>
</div>
<div class="cancel-link"><a href="#cancel"
title="Zrušiť"
tabindex="0">Zrušiť</a>
</div>
</div>
</div>
<div class="added-item" style="">
<p class="t2 nddl">Pridané do <a
href="/akciove-ponuky/nakupny-zoznam/"
title="zoznamu"
target="_blank"
tabindex="0">zoznamu</a>
</p>
<a href="/akciove-ponuky/nakupny-zoznam/"
class="newddl-button blue secondary no-float no-icon min-width edit-button"
title="Upraviť zoznam" target="_blank"
tabindex="0">
<span class="link-label">Upraviť zoznam</span>
</a>
</div>
</div>
</div>

</div>
<div class="a-productListing__productsGrid__element">
<div class="ddl-product-lol  xEqHeights soon-expire"
title="Tanqueray gin">
<div class="status-bar cf">
<div class="promo-countdown">

<i class="icon -lessThan48">
<svg xmlns="http://www.w3.org/2000/svg"
xmlns:xlink="http://www.w3.org/1999/xlink" width="22"
height="22" viewBox="0 0 22 22">
<defs>
<path id="ywjka"
d="M216.5 21a9.5 9.5 0 1 1-19 0 9.5 9.5 0 0 1 19 0z"/>
<path id="ywjkb" d="M207 14.5v7h-5"/>
</defs>
<g>
<g transform="translate(-196 -10)">
<use fill="#fff" fill-opacity="0" stroke="#fff"
stroke-miterlimit="50"
stroke-width="1.2" xlink:href="#ywjka"/>
</g>
<g transform="translate(-196 -10)">
<use fill="#fff" fill-opacity="0" stroke="#fff"
stroke-miterlimit="50"
stroke-width="1.2" xlink:href="#ywjkb"/>
</g>
</g>
</svg>
</i>

<i class="icon normal">
<svg xmlns="http://www.w3.org/2000/svg"
xmlns:xlink="http://www.w3.org/1999/xlink" width="22"
height="22" viewBox="0 0 22 22">
<defs>
<path id="ywjka"
d="M216.5 21a9.5 9.5 0 1 1-19 0 9.5 9.5 0 0 1 19 0z"/>
<path id="ywjkb" d="M207 14.5v7h-5"/>
</defs>
<g>
<g transform="translate(-196 -10)">
<use fill="#00539F" fill-opacity="0" stroke="#00539F"
stroke-miterlimit="50"
stroke-width="1.2" xlink:href="#ywjka"/>
</g>
<g transform="translate(-196 -10)">
<use fill="#00539F" fill-opacity="0" stroke="#00539F"
stroke-miterlimit="50"
stroke-width="1.2" xlink:href="#ywjkb"/>
</g>
</g>
</svg>
</i>

<div class="promo-countdown-wrapper">
<p>Zľava končí</p>
<b data-countdown="2023/01/04 0:00:00"
data-count-down-dur-locale="&quot;{\&quot;S\&quot;:\&quot;m\&quot;,\&quot;SS\&quot;:\&quot;m\&quot;,\&quot;s\&quot;:\&quot;d\&quot;,\&quot;ss\&quot;:\&quot;s\&quot;,\&quot;m\&quot;:\&quot;m\&quot;,\&quot;mm\&quot;:\&quot;m\&quot;,\&quot;h\&quot;:\&quot;h\&quot;,\&quot;hh\&quot;:\&quot;h\&quot;,\&quot;d\&quot;:\&quot;d\&quot;,\&quot;dd\&quot;:\&quot;d\&quot;,\&quot;w\&quot;:\&quot;t\&quot;,\&quot;ww\&quot;:\&quot;t\&quot;,\&quot;M\&quot;:\&quot;m\&quot;,\&quot;MM\&quot;:\&quot;m\&quot;,\&quot;y\&quot;:\&quot;r\&quot;,\&quot;yy\&quot;:\&quot;l\&quot;}&quot;"></b>
</div>
</div>
</div>
<a href="/akciove-ponuky/akciove-produkty/produkt/napoje/liehoviny-a-likery/tanqueray-gin/"
class="details-box" tabindex="0">
<div class="product__inner cc-tier2-higher-than-10-prod-blue-border">

<div class="product__info-wrapper">
<span class="product__name">Tanqueray gin</span>
<div class="product__secondary-text">
<div>
0,7 l                            </div>
<span>Pôvodná cena:</span>
<span class="product__price-text">24,99
(1 l=35,70 €)                </span>
<div class="product__price-cc-text">
<span>s Clubcard:</span>
</div>
<span class="product__price-cc-text">17,99</span>
(1 l=25,70 €)        </div>
<div class="product__discount-percentage">
<div class="product__discount-normal-price">
24,99
</div>
<div class="discount-percentage__text">
<span>
-28
<span class="discount__percentage-sign">%</span>
</span>
</div>
</div>
<div class="product__price-wrapper-outer-box">
<div class="product__price-wrapper">
<div class="product__price ">
<span class="price__left-part">
17,99
</span>
</div>
<div class="product__cc-price-text">
Clubcard ceny
</div>
</div>
</div>
</div>
<div class="product__img-wrapper">
<div class="product__img-holder">
<img data-src="/img/opt/tescoce_sk/products/2022-12-28/png/tanqueray-gin-2002120537398-1-5k.png" src="/img/lq/tescoce_sk/products/2022-12-28/png/tanqueray-gin-2002120537398-1-5k.png" alt="Tanqueray gin"//><noscript><img src="/img/opt/tescoce_sk/products/2022-12-28/png/tanqueray-gin-2002120537398-1-5k.png" alt="Tanqueray gin"//></noscript>
</div>
<img
class="country-flag"
src=""
alt=""
/>
</div>
</div>                                                            </a>
<div class="shopping-list-parts">
<div class="add-button">
<i class="icon">
<svg viewBox="0 0 24 24" width="100%" height="100%">
<line x1="3" y1="12" x2="21" y2="12"></line>
<line x1="12" y1="3" x2="12" y2="21"></line>
</svg>
</i>
<div class="add-text ddl_link_inline address addtoshoppinglist">
<div>
<span class="label_wrapper">
<span class="label">Pridať do zoznamu</span>
</span>
</div>
</div>
<span class="added-text">Pridané do <a
href="/akciove-ponuky/nakupny-zoznam/"
title="zoznamu"
target="_blank">zoznamu</a></span>
</div>
<div class="add-item">
<div class="add-item__inner">
<div class="newddl-text-field newddl-quantity qty_div">
<div class="newddl-button blue icon-bg standalone search-icon no-float less-button disabled">
<i class="icon">
<svg viewBox="0 0 24 8" width="100%" height="100%">
<line x1="3" y1="4" x2="21" y2="4"></line>
</svg>
</i>
</div>
<input type="text" class="newddl-quantity-input qty" value="1" min="1"
tabindex="0">
<div class="newddl-button blue icon-bg standalone search-icon no-float more-button">
<i class="icon">
<svg viewBox="0 0 24 24" width="100%" height="100%">
<line x1="3" y1="12" x2="21" y2="12"></line>
<line x1="12" y1="3" x2="12" y2="21"></line>
</svg>
</i>
</div>
</div>
<div class="newddl-button blue secondary no-float no-icon min-width accept-button add_to_basket"
onclick="addToBasket(this)"
data-template="/akciove-ponuky/nakupny-zoznam"
data-prod_id="1217112">
<span class="link-label">
Pridať do zoznamu                                              </span>
</div>
<div class="cancel-link"><a href="#cancel"
title="Zrušiť"
tabindex="0">Zrušiť</a>
</div>
</div>
</div>
<div class="added-item" style="">
<p class="t2 nddl">Pridané do <a
href="/akciove-ponuky/nakupny-zoznam/"
title="zoznamu"
target="_blank"
tabindex="0">zoznamu</a>
</p>
<a href="/akciove-ponuky/nakupny-zoznam/"
class="newddl-button blue secondary no-float no-icon min-width edit-button"
title="Upraviť zoznam" target="_blank"
tabindex="0">
<span class="link-label">Upraviť zoznam</span>
</a>
</div>
</div>
</div>

</div>
<div class="a-productListing__productsGrid__element">
<div class="ddl-product-lol  xEqHeights soon-expire"
title="Tassimo kapsuly">
<div class="status-bar cf">
<div class="promo-countdown">

<i class="icon -lessThan48">
<svg xmlns="http://www.w3.org/2000/svg"
xmlns:xlink="http://www.w3.org/1999/xlink" width="22"
height="22" viewBox="0 0 22 22">
<defs>
<path id="ywjka"
d="M216.5 21a9.5 9.5 0 1 1-19 0 9.5 9.5 0 0 1 19 0z"/>
<path id="ywjkb" d="M207 14.5v7h-5"/>
</defs>
<g>
<g transform="translate(-196 -10)">
<use fill="#fff" fill-opacity="0" stroke="#fff"
stroke-miterlimit="50"
stroke-width="1.2" xlink:href="#ywjka"/>
</g>
<g transform="translate(-196 -10)">
<use fill="#fff" fill-opacity="0" stroke="#fff"
stroke-miterlimit="50"
stroke-width="1.2" xlink:href="#ywjkb"/>
</g>
</g>
</svg>
</i>

<i class="icon normal">
<svg xmlns="http://www.w3.org/2000/svg"
xmlns:xlink="http://www.w3.org/1999/xlink" width="22"
height="22" viewBox="0 0 22 22">
<defs>
<path id="ywjka"
d="M216.5 21a9.5 9.5 0 1 1-19 0 9.5 9.5 0 0 1 19 0z"/>
<path id="ywjkb" d="M207 14.5v7h-5"/>
</defs>
<g>
<g transform="translate(-196 -10)">
<use fill="#00539F" fill-opacity="0" stroke="#00539F"
stroke-miterlimit="50"
stroke-width="1.2" xlink:href="#ywjka"/>
</g>
<g transform="translate(-196 -10)">
<use fill="#00539F" fill-opacity="0" stroke="#00539F"
stroke-miterlimit="50"
stroke-width="1.2" xlink:href="#ywjkb"/>
</g>
</g>
</svg>
</i>

<div class="promo-countdown-wrapper">
<p>Zľava končí</p>
<b data-countdown="2023/01/11 0:00:00"
data-count-down-dur-locale="&quot;{\&quot;S\&quot;:\&quot;m\&quot;,\&quot;SS\&quot;:\&quot;m\&quot;,\&quot;s\&quot;:\&quot;d\&quot;,\&quot;ss\&quot;:\&quot;s\&quot;,\&quot;m\&quot;:\&quot;m\&quot;,\&quot;mm\&quot;:\&quot;m\&quot;,\&quot;h\&quot;:\&quot;h\&quot;,\&quot;hh\&quot;:\&quot;h\&quot;,\&quot;d\&quot;:\&quot;d\&quot;,\&quot;dd\&quot;:\&quot;d\&quot;,\&quot;w\&quot;:\&quot;t\&quot;,\&quot;ww\&quot;:\&quot;t\&quot;,\&quot;M\&quot;:\&quot;m\&quot;,\&quot;MM\&quot;:\&quot;m\&quot;,\&quot;y\&quot;:\&quot;r\&quot;,\&quot;yy\&quot;:\&quot;l\&quot;}&quot;"></b>
</div>
</div>
</div>
<a href="/akciove-ponuky/akciove-produkty/produkt/napoje/kava-a-teple-napoje/tassimo-kapsuly/"
class="details-box" tabindex="0">
<div class="product__inner cc-tier2-higher-than-10-prod-blue-border">

<div class="product__info-wrapper">
<span class="product__name">Tassimo kapsuly</span>
<div class="product__secondary-text">
<div>
viac druhov, 106 g - 268 g                            </div>
<span>Pôvodná cena:</span>
<span class="product__price-text">7,19
67,83-26,83 €/1 kg                </span>
<div class="product__price-cc-text">
<span>s Clubcard:</span>
</div>
<span class="product__price-cc-text">4,99</span>
47,08-18,62 €/1 kg        </div>
<div class="product__discount-percentage">
<div class="product__discount-normal-price">
7,19
</div>
<div class="discount-percentage__text">
<span>
-30
<span class="discount__percentage-sign">%</span>
</span>
</div>
</div>
<div class="product__price-wrapper-outer-box">
<div class="product__price-wrapper">
<div class="product__price ">
<span class="price__left-part">
4,99
</span>
</div>
<div class="product__cc-price-text">
Clubcard ceny
</div>
</div>
</div>
</div>
<div class="product__img-wrapper">
<div class="product__img-holder">
<img data-src="/img/opt/tescoce_sk/products/2022-12-28/png/tassimo-kapsuly-2002017136619-1-5k.png" src="/img/lq/tescoce_sk/products/2022-12-28/png/tassimo-kapsuly-2002017136619-1-5k.png" alt="Tassimo kapsuly"//><noscript><img src="/img/opt/tescoce_sk/products/2022-12-28/png/tassimo-kapsuly-2002017136619-1-5k.png" alt="Tassimo kapsuly"//></noscript>
</div>
<img
class="country-flag"
src=""
alt=""
/>
</div>
</div>                                                            </a>
<div class="shopping-list-parts">
<div class="add-button">
<i class="icon">
<svg viewBox="0 0 24 24" width="100%" height="100%">
<line x1="3" y1="12" x2="21" y2="12"></line>
<line x1="12" y1="3" x2="12" y2="21"></line>
</svg>
</i>
<div class="add-text ddl_link_inline address addtoshoppinglist">
<div>
<span class="label_wrapper">
<span class="label">Pridať do zoznamu</span>
</span>
</div>
</div>
<span class="added-text">Pridané do <a
href="/akciove-ponuky/nakupny-zoznam/"
title="zoznamu"
target="_blank">zoznamu</a></span>
</div>
<div class="add-item">
<div class="add-item__inner">
<div class="newddl-text-field newddl-quantity qty_div">
<div class="newddl-button blue icon-bg standalone search-icon no-float less-button disabled">
<i class="icon">
<svg viewBox="0 0 24 8" width="100%" height="100%">
<line x1="3" y1="4" x2="21" y2="4"></line>
</svg>
</i>
</div>
<input type="text" class="newddl-quantity-input qty" value="1" min="1"
tabindex="0">
<div class="newddl-button blue icon-bg standalone search-icon no-float more-button">
<i class="icon">
<svg viewBox="0 0 24 24" width="100%" height="100%">
<line x1="3" y1="12" x2="21" y2="12"></line>
<line x1="12" y1="3" x2="12" y2="21"></line>
</svg>
</i>
</div>
</div>
<div class="newddl-button blue secondary no-float no-icon min-width accept-button add_to_basket"
onclick="addToBasket(this)"
data-template="/akciove-ponuky/nakupny-zoznam"
data-prod_id="1215892">
<span class="link-label">
Pridať do zoznamu                                              </span>
</div>
<div class="cancel-link"><a href="#cancel"
title="Zrušiť"
tabindex="0">Zrušiť</a>
</div>
</div>
</div>
<div class="added-item" style="">
<p class="t2 nddl">Pridané do <a
href="/akciove-ponuky/nakupny-zoznam/"
title="zoznamu"
target="_blank"
tabindex="0">zoznamu</a>
</p>
<a href="/akciove-ponuky/nakupny-zoznam/"
class="newddl-button blue secondary no-float no-icon min-width edit-button"
title="Upraviť zoznam" target="_blank"
tabindex="0">
<span class="link-label">Upraviť zoznam</span>
</a>
</div>
</div>
</div>

</div>
<div class="a-productListing__productsGrid__element">
<div class="ddl-product-lol  xEqHeights soon-expire"
title="Tatra Balsam špeciál 52%">
<div class="status-bar cf">
<div class="hovershowtooltip">
<div class="inner">
Ponuka je platná do 31.12.2022.
</div>
<div class="arrow-container">
<div class="arrow-down"></div>
<div class="arrow-down-fg"></div>
</div>
</div>
<a href="https://potravinydomov.itesco.sk/groceries/sk-SK/products/2002020236827"
class="newddl-button left transparent ghs-link"
tabindex="0" target="_blank">
<i class="icon">
<svg xmlns="http://www.w3.org/2000/svg"
xmlns:xlink="http://www.w3.org/1999/xlink"
style="width: 20px !important" height="13" viewBox="0 0 23 13">
<defs>
<path id="clxfa"
d="M33.33 21.44c.44.1.67.38.67.8v3.1c0 .47-.38.84-.84.84h-.9a2.2 2.2 0 0 1-2.18 1.8 2.2 2.2 0 0 1-2.17-1.8h-7.9a2.22 2.22 0 0 1-2.2 1.82c-1.1 0-2-.79-2.19-1.82h-1.66c-.97 0-1.15-.92-1.25-1.41l-1.04-4.25-.41-.27a.3.3 0 0 1-.14-.23L11 18.73c0-.84.66-1.5 1.48-1.5h2.3l-.14.15a.46.46 0 0 0 0 .66.47.47 0 0 0 .66 0l.8-.8h.01l2.11-2.1c.14-.14.41-.19.58-.09.15.09.24.24.24.4 0 .13-.05.24-.14.33l-1.47 1.46h4.39l-1.47-1.46a.46.46 0 0 1 .1-.73c.17-.1.43-.05.57.1L24 18.08c.08.06.18.1.28.1.17 0 .32-.09.4-.24.1-.17.05-.43-.09-.57l-.14-.14h2.31c.77 0 1.39.57 1.47 1.3h1.75c.22 0 .8 0 1.03.71l.8 1.94zM28.7 25.8c0 .75.62 1.36 1.37 1.36.86 0 1.54-.77 1.35-1.65-.1-.52-.53-.93-1.05-1.04a1.38 1.38 0 0 0-1.67 1.33zm-2.17-1c-.05.23-.12.44-.22.63h1.6a2.2 2.2 0 0 1 2.16-1.81c1.09 0 2 .76 2.18 1.8h.9c.04 0 .07-.03.07-.06v-3.11-.04l-.06-.01-1.7-.28a.39.39 0 0 1-.3-.23l-.9-2.2c-.05-.16-.08-.17-.29-.17h-1.77-.02l-.06.71a.3.3 0 0 1-.14.23l-.41.27zm-8.25-4.07a.42.42 0 0 0-.42.43l.29 2.69a.42.42 0 1 0 .83-.02l-.28-2.69a.42.42 0 0 0-.42-.4zm-3 3.15c.02.21.2.38.41.38h.04a.42.42 0 0 0 .38-.46l-.43-2.69a.41.41 0 0 0-.45-.38.42.42 0 0 0-.38.46zm2.53 3.27c.61 0 1.13-.4 1.3-.96h-2.6c.16.56.68.96 1.3.96zm4.11-6a.42.42 0 0 0-.41-.42.41.41 0 0 0-.42.4l-.28 2.72c0 .22.18.4.41.4.23 0 .42-.18.42-.39zm2.17 3.1c.22 0 .4-.16.42-.36l.43-2.71a.41.41 0 0 0-.38-.45.42.42 0 0 0-.45.37l-.43 2.71c-.01.11.02.22.1.3.07.09.17.14.28.15z"></path>
</defs>
<g>
<g clip-path="url(#clip-72B53A8F-48D2-421E-9EC9-9A8CE7DC52A1)"
transform="translate(-11 -15)">
<use fill="#00549e" stroke="none" xlink:href="#clxfa"></use>
</g>
</g>
</svg>
</i>
<div class="ddl_link_inline address shoponline"
style="display: inline-block; vertical-align: middle;">
<span class="link">
<span class="label_wrapper">
<span class="label">
Kúpiť teraz                                                    </span>
</span>
</span>
</div>
</a>
<div class="promo-countdown -lessThan48">

<i class="icon -lessThan48">
<svg xmlns="http://www.w3.org/2000/svg"
xmlns:xlink="http://www.w3.org/1999/xlink" width="22"
height="22" viewBox="0 0 22 22">
<defs>
<path id="ywjka"
d="M216.5 21a9.5 9.5 0 1 1-19 0 9.5 9.5 0 0 1 19 0z"/>
<path id="ywjkb" d="M207 14.5v7h-5"/>
</defs>
<g>
<g transform="translate(-196 -10)">
<use fill="#fff" fill-opacity="0" stroke="#fff"
stroke-miterlimit="50"
stroke-width="1.2" xlink:href="#ywjka"/>
</g>
<g transform="translate(-196 -10)">
<use fill="#fff" fill-opacity="0" stroke="#fff"
stroke-miterlimit="50"
stroke-width="1.2" xlink:href="#ywjkb"/>
</g>
</g>
</svg>
</i>

<i class="icon normal">
<svg xmlns="http://www.w3.org/2000/svg"
xmlns:xlink="http://www.w3.org/1999/xlink" width="22"
height="22" viewBox="0 0 22 22">
<defs>
<path id="ywjka"
d="M216.5 21a9.5 9.5 0 1 1-19 0 9.5 9.5 0 0 1 19 0z"/>
<path id="ywjkb" d="M207 14.5v7h-5"/>
</defs>
<g>
<g transform="translate(-196 -10)">
<use fill="#00539F" fill-opacity="0" stroke="#00539F"
stroke-miterlimit="50"
stroke-width="1.2" xlink:href="#ywjka"/>
</g>
<g transform="translate(-196 -10)">
<use fill="#00539F" fill-opacity="0" stroke="#00539F"
stroke-miterlimit="50"
stroke-width="1.2" xlink:href="#ywjkb"/>
</g>
</g>
</svg>
</i>

<div class="promo-countdown-wrapper">
<p>Zľava končí</p>
<b data-countdown="2023/01/01 0:00:00"
data-count-down-dur-locale="&quot;{\&quot;S\&quot;:\&quot;m\&quot;,\&quot;SS\&quot;:\&quot;m\&quot;,\&quot;s\&quot;:\&quot;d\&quot;,\&quot;ss\&quot;:\&quot;s\&quot;,\&quot;m\&quot;:\&quot;m\&quot;,\&quot;mm\&quot;:\&quot;m\&quot;,\&quot;h\&quot;:\&quot;h\&quot;,\&quot;hh\&quot;:\&quot;h\&quot;,\&quot;d\&quot;:\&quot;d\&quot;,\&quot;dd\&quot;:\&quot;d\&quot;,\&quot;w\&quot;:\&quot;t\&quot;,\&quot;ww\&quot;:\&quot;t\&quot;,\&quot;M\&quot;:\&quot;m\&quot;,\&quot;MM\&quot;:\&quot;m\&quot;,\&quot;y\&quot;:\&quot;r\&quot;,\&quot;yy\&quot;:\&quot;l\&quot;}&quot;"></b>
</div>
</div>
</div>
<a href="/akciove-ponuky/akciove-produkty/produkt/napoje/liehoviny-a-likery/tatra-balsam-special-52/"
class="details-box" tabindex="0">
<div class="product__inner cc-tier2-higher-than-10-prod-blue-border">

<div class="product__info-wrapper">
<span class="product__name">Tatra Balsam špeciál 52%</span>
<div class="product__secondary-text">
<div>
0,7 l + 2 poháre                            </div>
<span>Pôvodná cena:</span>
<span class="product__price-text">34,99
(1 l=49,99 €)                </span>
<div class="product__price-cc-text">
<span>s Clubcard:</span>
</div>
<span class="product__price-cc-text">27,99</span>
(1 l=39,99 €)        </div>
<div class="product__discount-percentage">
<div class="product__discount-normal-price">
34,99
</div>
<div class="discount-percentage__text">
<span>
-20
<span class="discount__percentage-sign">%</span>
</span>
</div>
</div>
<div class="product__price-wrapper-outer-box">
<div class="product__price-wrapper">
<div class="product__price ">
<span class="price__left-part">
27,99
</span>
</div>
<div class="product__cc-price-text">
Clubcard ceny
</div>
</div>
</div>
</div>
<div class="product__img-wrapper">
<div class="product__img-holder">
<img data-src="/img/opt/tescoce_sk/products/2022-12-14/png/tatra-balsam-special-52-2002020236827-1-5k.png" src="/img/lq/tescoce_sk/products/2022-12-14/png/tatra-balsam-special-52-2002020236827-1-5k.png" alt="Tatra Balsam špeciál 52%"//><noscript><img src="/img/opt/tescoce_sk/products/2022-12-14/png/tatra-balsam-special-52-2002020236827-1-5k.png" alt="Tatra Balsam špeciál 52%"//></noscript>
</div>
<img
class="country-flag"
src="/img/npc/flags/slovak.svg"
alt="szlovák zászló"
/>
</div>
</div>                                                            </a>
<div class="shopping-list-parts">
<div class="add-button">
<i class="icon">
<svg viewBox="0 0 24 24" width="100%" height="100%">
<line x1="3" y1="12" x2="21" y2="12"></line>
<line x1="12" y1="3" x2="12" y2="21"></line>
</svg>
</i>
<div class="add-text ddl_link_inline address addtoshoppinglist">
<div>
<span class="label_wrapper">
<span class="label">Pridať do zoznamu</span>
</span>
</div>
</div>
<span class="added-text">Pridané do <a
href="/akciove-ponuky/nakupny-zoznam/"
title="zoznamu"
target="_blank">zoznamu</a></span>
</div>
<div class="add-item">
<div class="add-item__inner">
<div class="newddl-text-field newddl-quantity qty_div">
<div class="newddl-button blue icon-bg standalone search-icon no-float less-button disabled">
<i class="icon">
<svg viewBox="0 0 24 8" width="100%" height="100%">
<line x1="3" y1="4" x2="21" y2="4"></line>
</svg>
</i>
</div>
<input type="text" class="newddl-quantity-input qty" value="1" min="1"
tabindex="0">
<div class="newddl-button blue icon-bg standalone search-icon no-float more-button">
<i class="icon">
<svg viewBox="0 0 24 24" width="100%" height="100%">
<line x1="3" y1="12" x2="21" y2="12"></line>
<line x1="12" y1="3" x2="12" y2="21"></line>
</svg>
</i>
</div>
</div>
<div class="newddl-button blue secondary no-float no-icon min-width accept-button add_to_basket"
onclick="addToBasket(this)"
data-template="/akciove-ponuky/nakupny-zoznam"
data-prod_id="1211362">
<span class="link-label">
Pridať do zoznamu                                              </span>
</div>
<div class="cancel-link"><a href="#cancel"
title="Zrušiť"
tabindex="0">Zrušiť</a>
</div>
</div>
</div>
<div class="added-item" style="">
<p class="t2 nddl">Pridané do <a
href="/akciove-ponuky/nakupny-zoznam/"
title="zoznamu"
target="_blank"
tabindex="0">zoznamu</a>
</p>
<a href="/akciove-ponuky/nakupny-zoznam/"
class="newddl-button blue secondary no-float no-icon min-width edit-button"
title="Upraviť zoznam" target="_blank"
tabindex="0">
<span class="link-label">Upraviť zoznam</span>
</a>
</div>
</div>
</div>

</div>
<div class="a-productListing__productsGrid__element">
<div class="ddl-product-lol  xEqHeights soon-expire"
title="Tatratea 37%">
<div class="status-bar cf">
<div class="hovershowtooltip">
<div class="inner">
Ponuka je platná do 31.12.2022.
</div>
<div class="arrow-container">
<div class="arrow-down"></div>
<div class="arrow-down-fg"></div>
</div>
</div>
<a href="https://potravinydomov.itesco.sk/groceries/sk-SK/products/2002020339663"
class="newddl-button left transparent ghs-link"
tabindex="0" target="_blank">
<i class="icon">
<svg xmlns="http://www.w3.org/2000/svg"
xmlns:xlink="http://www.w3.org/1999/xlink"
style="width: 20px !important" height="13" viewBox="0 0 23 13">
<defs>
<path id="clxfa"
d="M33.33 21.44c.44.1.67.38.67.8v3.1c0 .47-.38.84-.84.84h-.9a2.2 2.2 0 0 1-2.18 1.8 2.2 2.2 0 0 1-2.17-1.8h-7.9a2.22 2.22 0 0 1-2.2 1.82c-1.1 0-2-.79-2.19-1.82h-1.66c-.97 0-1.15-.92-1.25-1.41l-1.04-4.25-.41-.27a.3.3 0 0 1-.14-.23L11 18.73c0-.84.66-1.5 1.48-1.5h2.3l-.14.15a.46.46 0 0 0 0 .66.47.47 0 0 0 .66 0l.8-.8h.01l2.11-2.1c.14-.14.41-.19.58-.09.15.09.24.24.24.4 0 .13-.05.24-.14.33l-1.47 1.46h4.39l-1.47-1.46a.46.46 0 0 1 .1-.73c.17-.1.43-.05.57.1L24 18.08c.08.06.18.1.28.1.17 0 .32-.09.4-.24.1-.17.05-.43-.09-.57l-.14-.14h2.31c.77 0 1.39.57 1.47 1.3h1.75c.22 0 .8 0 1.03.71l.8 1.94zM28.7 25.8c0 .75.62 1.36 1.37 1.36.86 0 1.54-.77 1.35-1.65-.1-.52-.53-.93-1.05-1.04a1.38 1.38 0 0 0-1.67 1.33zm-2.17-1c-.05.23-.12.44-.22.63h1.6a2.2 2.2 0 0 1 2.16-1.81c1.09 0 2 .76 2.18 1.8h.9c.04 0 .07-.03.07-.06v-3.11-.04l-.06-.01-1.7-.28a.39.39 0 0 1-.3-.23l-.9-2.2c-.05-.16-.08-.17-.29-.17h-1.77-.02l-.06.71a.3.3 0 0 1-.14.23l-.41.27zm-8.25-4.07a.42.42 0 0 0-.42.43l.29 2.69a.42.42 0 1 0 .83-.02l-.28-2.69a.42.42 0 0 0-.42-.4zm-3 3.15c.02.21.2.38.41.38h.04a.42.42 0 0 0 .38-.46l-.43-2.69a.41.41 0 0 0-.45-.38.42.42 0 0 0-.38.46zm2.53 3.27c.61 0 1.13-.4 1.3-.96h-2.6c.16.56.68.96 1.3.96zm4.11-6a.42.42 0 0 0-.41-.42.41.41 0 0 0-.42.4l-.28 2.72c0 .22.18.4.41.4.23 0 .42-.18.42-.39zm2.17 3.1c.22 0 .4-.16.42-.36l.43-2.71a.41.41 0 0 0-.38-.45.42.42 0 0 0-.45.37l-.43 2.71c-.01.11.02.22.1.3.07.09.17.14.28.15z"></path>
</defs>
<g>
<g clip-path="url(#clip-72B53A8F-48D2-421E-9EC9-9A8CE7DC52A1)"
transform="translate(-11 -15)">
<use fill="#00549e" stroke="none" xlink:href="#clxfa"></use>
</g>
</g>
</svg>
</i>
<div class="ddl_link_inline address shoponline"
style="display: inline-block; vertical-align: middle;">
<span class="link">
<span class="label_wrapper">
<span class="label">
Kúpiť teraz                                                    </span>
</span>
</span>
</div>
</a>
<div class="promo-countdown -lessThan48">

<i class="icon -lessThan48">
<svg xmlns="http://www.w3.org/2000/svg"
xmlns:xlink="http://www.w3.org/1999/xlink" width="22"
height="22" viewBox="0 0 22 22">
<defs>
<path id="ywjka"
d="M216.5 21a9.5 9.5 0 1 1-19 0 9.5 9.5 0 0 1 19 0z"/>
<path id="ywjkb" d="M207 14.5v7h-5"/>
</defs>
<g>
<g transform="translate(-196 -10)">
<use fill="#fff" fill-opacity="0" stroke="#fff"
stroke-miterlimit="50"
stroke-width="1.2" xlink:href="#ywjka"/>
</g>
<g transform="translate(-196 -10)">
<use fill="#fff" fill-opacity="0" stroke="#fff"
stroke-miterlimit="50"
stroke-width="1.2" xlink:href="#ywjkb"/>
</g>
</g>
</svg>
</i>

<i class="icon normal">
<svg xmlns="http://www.w3.org/2000/svg"
xmlns:xlink="http://www.w3.org/1999/xlink" width="22"
height="22" viewBox="0 0 22 22">
<defs>
<path id="ywjka"
d="M216.5 21a9.5 9.5 0 1 1-19 0 9.5 9.5 0 0 1 19 0z"/>
<path id="ywjkb" d="M207 14.5v7h-5"/>
</defs>
<g>
<g transform="translate(-196 -10)">
<use fill="#00539F" fill-opacity="0" stroke="#00539F"
stroke-miterlimit="50"
stroke-width="1.2" xlink:href="#ywjka"/>
</g>
<g transform="translate(-196 -10)">
<use fill="#00539F" fill-opacity="0" stroke="#00539F"
stroke-miterlimit="50"
stroke-width="1.2" xlink:href="#ywjkb"/>
</g>
</g>
</svg>
</i>

<div class="promo-countdown-wrapper">
<p>Zľava končí</p>
<b data-countdown="2023/01/01 0:00:00"
data-count-down-dur-locale="&quot;{\&quot;S\&quot;:\&quot;m\&quot;,\&quot;SS\&quot;:\&quot;m\&quot;,\&quot;s\&quot;:\&quot;d\&quot;,\&quot;ss\&quot;:\&quot;s\&quot;,\&quot;m\&quot;:\&quot;m\&quot;,\&quot;mm\&quot;:\&quot;m\&quot;,\&quot;h\&quot;:\&quot;h\&quot;,\&quot;hh\&quot;:\&quot;h\&quot;,\&quot;d\&quot;:\&quot;d\&quot;,\&quot;dd\&quot;:\&quot;d\&quot;,\&quot;w\&quot;:\&quot;t\&quot;,\&quot;ww\&quot;:\&quot;t\&quot;,\&quot;M\&quot;:\&quot;m\&quot;,\&quot;MM\&quot;:\&quot;m\&quot;,\&quot;y\&quot;:\&quot;r\&quot;,\&quot;yy\&quot;:\&quot;l\&quot;}&quot;"></b>
</div>
</div>
</div>
<a href="/akciove-ponuky/akciove-produkty/produkt/napoje/liehoviny-a-likery/tatratea-37/"
class="details-box" tabindex="0">
<div class="product__inner cc-tier2-higher-than-10-prod-blue-border">

<div class="product__info-wrapper">
<span class="product__name">Tatratea 37%</span>
<div class="product__secondary-text">
<div>
0,7 l + 2 poháriky                            </div>
<span>Pôvodná cena:</span>
<span class="product__price-text">21,99
(1 l=31,41 €)                </span>
<div class="product__price-cc-text">
<span>s Clubcard:</span>
</div>
<span class="product__price-cc-text">17,59</span>
(1 l=25,13 €)        </div>
<div class="product__discount-percentage">
<div class="product__discount-normal-price">
21,99
</div>
<div class="discount-percentage__text">
<span>
-20
<span class="discount__percentage-sign">%</span>
</span>
</div>
</div>
<div class="product__price-wrapper-outer-box">
<div class="product__price-wrapper">
<div class="product__price ">
<span class="price__left-part">
17,59
</span>
</div>
<div class="product__cc-price-text">
Clubcard ceny
</div>
</div>
</div>
</div>
<div class="product__img-wrapper">
<div class="product__img-holder">
<img data-src="/img/opt/tescoce_sk/products/2022-11-30/png/tatratea-37-2002020339663-1-5k.png" src="/img/lq/tescoce_sk/products/2022-11-30/png/tatratea-37-2002020339663-1-5k.png" alt="Tatratea 37%"//><noscript><img src="/img/opt/tescoce_sk/products/2022-11-30/png/tatratea-37-2002020339663-1-5k.png" alt="Tatratea 37%"//></noscript>
</div>
<img
class="country-flag"
src="/img/npc/flags/slovak.svg"
alt="szlovák zászló"
/>
</div>
</div>                                                            </a>
<div class="shopping-list-parts">
<div class="add-button">
<i class="icon">
<svg viewBox="0 0 24 24" width="100%" height="100%">
<line x1="3" y1="12" x2="21" y2="12"></line>
<line x1="12" y1="3" x2="12" y2="21"></line>
</svg>
</i>
<div class="add-text ddl_link_inline address addtoshoppinglist">
<div>
<span class="label_wrapper">
<span class="label">Pridať do zoznamu</span>
</span>
</div>
</div>
<span class="added-text">Pridané do <a
href="/akciove-ponuky/nakupny-zoznam/"
title="zoznamu"
target="_blank">zoznamu</a></span>
</div>
<div class="add-item">
<div class="add-item__inner">
<div class="newddl-text-field newddl-quantity qty_div">
<div class="newddl-button blue icon-bg standalone search-icon no-float less-button disabled">
<i class="icon">
<svg viewBox="0 0 24 8" width="100%" height="100%">
<line x1="3" y1="4" x2="21" y2="4"></line>
</svg>
</i>
</div>
<input type="text" class="newddl-quantity-input qty" value="1" min="1"
tabindex="0">
<div class="newddl-button blue icon-bg standalone search-icon no-float more-button">
<i class="icon">
<svg viewBox="0 0 24 24" width="100%" height="100%">
<line x1="3" y1="12" x2="21" y2="12"></line>
<line x1="12" y1="3" x2="12" y2="21"></line>
</svg>
</i>
</div>
</div>
<div class="newddl-button blue secondary no-float no-icon min-width accept-button add_to_basket"
onclick="addToBasket(this)"
data-template="/akciove-ponuky/nakupny-zoznam"
data-prod_id="1197882">
<span class="link-label">
Pridať do zoznamu                                              </span>
</div>
<div class="cancel-link"><a href="#cancel"
title="Zrušiť"
tabindex="0">Zrušiť</a>
</div>
</div>
</div>
<div class="added-item" style="">
<p class="t2 nddl">Pridané do <a
href="/akciove-ponuky/nakupny-zoznam/"
title="zoznamu"
target="_blank"
tabindex="0">zoznamu</a>
</p>
<a href="/akciove-ponuky/nakupny-zoznam/"
class="newddl-button blue secondary no-float no-icon min-width edit-button"
title="Upraviť zoznam" target="_blank"
tabindex="0">
<span class="link-label">Upraviť zoznam</span>
</a>
</div>
</div>
</div>

</div>
<div class="a-productListing__productsGrid__element">
<div class="ddl-product-lol  xEqHeights soon-expire"
title="Tatratea 62%">
<div class="status-bar cf">
<div class="hovershowtooltip">
<div class="inner">
Ponuka je platná do 31.12.2022.
</div>
<div class="arrow-container">
<div class="arrow-down"></div>
<div class="arrow-down-fg"></div>
</div>
</div>
<a href="https://potravinydomov.itesco.sk/groceries/sk-SK/products/2002020278758"
class="newddl-button left transparent ghs-link"
tabindex="0" target="_blank">
<i class="icon">
<svg xmlns="http://www.w3.org/2000/svg"
xmlns:xlink="http://www.w3.org/1999/xlink"
style="width: 20px !important" height="13" viewBox="0 0 23 13">
<defs>
<path id="clxfa"
d="M33.33 21.44c.44.1.67.38.67.8v3.1c0 .47-.38.84-.84.84h-.9a2.2 2.2 0 0 1-2.18 1.8 2.2 2.2 0 0 1-2.17-1.8h-7.9a2.22 2.22 0 0 1-2.2 1.82c-1.1 0-2-.79-2.19-1.82h-1.66c-.97 0-1.15-.92-1.25-1.41l-1.04-4.25-.41-.27a.3.3 0 0 1-.14-.23L11 18.73c0-.84.66-1.5 1.48-1.5h2.3l-.14.15a.46.46 0 0 0 0 .66.47.47 0 0 0 .66 0l.8-.8h.01l2.11-2.1c.14-.14.41-.19.58-.09.15.09.24.24.24.4 0 .13-.05.24-.14.33l-1.47 1.46h4.39l-1.47-1.46a.46.46 0 0 1 .1-.73c.17-.1.43-.05.57.1L24 18.08c.08.06.18.1.28.1.17 0 .32-.09.4-.24.1-.17.05-.43-.09-.57l-.14-.14h2.31c.77 0 1.39.57 1.47 1.3h1.75c.22 0 .8 0 1.03.71l.8 1.94zM28.7 25.8c0 .75.62 1.36 1.37 1.36.86 0 1.54-.77 1.35-1.65-.1-.52-.53-.93-1.05-1.04a1.38 1.38 0 0 0-1.67 1.33zm-2.17-1c-.05.23-.12.44-.22.63h1.6a2.2 2.2 0 0 1 2.16-1.81c1.09 0 2 .76 2.18 1.8h.9c.04 0 .07-.03.07-.06v-3.11-.04l-.06-.01-1.7-.28a.39.39 0 0 1-.3-.23l-.9-2.2c-.05-.16-.08-.17-.29-.17h-1.77-.02l-.06.71a.3.3 0 0 1-.14.23l-.41.27zm-8.25-4.07a.42.42 0 0 0-.42.43l.29 2.69a.42.42 0 1 0 .83-.02l-.28-2.69a.42.42 0 0 0-.42-.4zm-3 3.15c.02.21.2.38.41.38h.04a.42.42 0 0 0 .38-.46l-.43-2.69a.41.41 0 0 0-.45-.38.42.42 0 0 0-.38.46zm2.53 3.27c.61 0 1.13-.4 1.3-.96h-2.6c.16.56.68.96 1.3.96zm4.11-6a.42.42 0 0 0-.41-.42.41.41 0 0 0-.42.4l-.28 2.72c0 .22.18.4.41.4.23 0 .42-.18.42-.39zm2.17 3.1c.22 0 .4-.16.42-.36l.43-2.71a.41.41 0 0 0-.38-.45.42.42 0 0 0-.45.37l-.43 2.71c-.01.11.02.22.1.3.07.09.17.14.28.15z"></path>
</defs>
<g>
<g clip-path="url(#clip-72B53A8F-48D2-421E-9EC9-9A8CE7DC52A1)"
transform="translate(-11 -15)">
<use fill="#00549e" stroke="none" xlink:href="#clxfa"></use>
</g>
</g>
</svg>
</i>
<div class="ddl_link_inline address shoponline"
style="display: inline-block; vertical-align: middle;">
<span class="link">
<span class="label_wrapper">
<span class="label">
Kúpiť teraz                                                    </span>
</span>
</span>
</div>
</a>
<div class="promo-countdown -lessThan48">

<i class="icon -lessThan48">
<svg xmlns="http://www.w3.org/2000/svg"
xmlns:xlink="http://www.w3.org/1999/xlink" width="22"
height="22" viewBox="0 0 22 22">
<defs>
<path id="ywjka"
d="M216.5 21a9.5 9.5 0 1 1-19 0 9.5 9.5 0 0 1 19 0z"/>
<path id="ywjkb" d="M207 14.5v7h-5"/>
</defs>
<g>
<g transform="translate(-196 -10)">
<use fill="#fff" fill-opacity="0" stroke="#fff"
stroke-miterlimit="50"
stroke-width="1.2" xlink:href="#ywjka"/>
</g>
<g transform="translate(-196 -10)">
<use fill="#fff" fill-opacity="0" stroke="#fff"
stroke-miterlimit="50"
stroke-width="1.2" xlink:href="#ywjkb"/>
</g>
</g>
</svg>
</i>

<i class="icon normal">
<svg xmlns="http://www.w3.org/2000/svg"
xmlns:xlink="http://www.w3.org/1999/xlink" width="22"
height="22" viewBox="0 0 22 22">
<defs>
<path id="ywjka"
d="M216.5 21a9.5 9.5 0 1 1-19 0 9.5 9.5 0 0 1 19 0z"/>
<path id="ywjkb" d="M207 14.5v7h-5"/>
</defs>
<g>
<g transform="translate(-196 -10)">
<use fill="#00539F" fill-opacity="0" stroke="#00539F"
stroke-miterlimit="50"
stroke-width="1.2" xlink:href="#ywjka"/>
</g>
<g transform="translate(-196 -10)">
<use fill="#00539F" fill-opacity="0" stroke="#00539F"
stroke-miterlimit="50"
stroke-width="1.2" xlink:href="#ywjkb"/>
</g>
</g>
</svg>
</i>

<div class="promo-countdown-wrapper">
<p>Zľava končí</p>
<b data-countdown="2023/01/01 0:00:00"
data-count-down-dur-locale="&quot;{\&quot;S\&quot;:\&quot;m\&quot;,\&quot;SS\&quot;:\&quot;m\&quot;,\&quot;s\&quot;:\&quot;d\&quot;,\&quot;ss\&quot;:\&quot;s\&quot;,\&quot;m\&quot;:\&quot;m\&quot;,\&quot;mm\&quot;:\&quot;m\&quot;,\&quot;h\&quot;:\&quot;h\&quot;,\&quot;hh\&quot;:\&quot;h\&quot;,\&quot;d\&quot;:\&quot;d\&quot;,\&quot;dd\&quot;:\&quot;d\&quot;,\&quot;w\&quot;:\&quot;t\&quot;,\&quot;ww\&quot;:\&quot;t\&quot;,\&quot;M\&quot;:\&quot;m\&quot;,\&quot;MM\&quot;:\&quot;m\&quot;,\&quot;y\&quot;:\&quot;r\&quot;,\&quot;yy\&quot;:\&quot;l\&quot;}&quot;"></b>
</div>
</div>
</div>
<a href="/akciove-ponuky/akciove-produkty/produkt/napoje/liehoviny-a-likery/tatratea-62/"
class="details-box" tabindex="0">
<div class="product__inner cc-tier2-higher-than-10-prod-blue-border">

<div class="product__info-wrapper">
<span class="product__name">Tatratea 62%</span>
<div class="product__secondary-text">
<div>
0,7 l + 2 poháriky                            </div>
<span>Pôvodná cena:</span>
<span class="product__price-text">23,99
(1 l=34,27 €)                </span>
<div class="product__price-cc-text">
<span>s Clubcard:</span>
</div>
<span class="product__price-cc-text">18,49</span>
(1 l=26,41 €)        </div>
<div class="product__discount-percentage">
<div class="product__discount-normal-price">
23,99
</div>
<div class="discount-percentage__text">
<span>
-22
<span class="discount__percentage-sign">%</span>
</span>
</div>
</div>
<div class="product__price-wrapper-outer-box">
<div class="product__price-wrapper">
<div class="product__price ">
<span class="price__left-part">
18,49
</span>
</div>
<div class="product__cc-price-text">
Clubcard ceny
</div>
</div>
</div>
</div>
<div class="product__img-wrapper">
<div class="product__img-holder">
<img data-src="/img/opt/tescoce_sk/products/2022-12-07/png/tatratea-62-2002020278758-1-5k.png" src="/img/lq/tescoce_sk/products/2022-12-07/png/tatratea-62-2002020278758-1-5k.png" alt="Tatratea 62%"//><noscript><img src="/img/opt/tescoce_sk/products/2022-12-07/png/tatratea-62-2002020278758-1-5k.png" alt="Tatratea 62%"//></noscript>
</div>
<img
class="country-flag"
src="/img/npc/flags/slovak.svg"
alt="szlovák zászló"
/>
</div>
</div>                                                            </a>
<div class="shopping-list-parts">
<div class="add-button">
<i class="icon">
<svg viewBox="0 0 24 24" width="100%" height="100%">
<line x1="3" y1="12" x2="21" y2="12"></line>
<line x1="12" y1="3" x2="12" y2="21"></line>
</svg>
</i>
<div class="add-text ddl_link_inline address addtoshoppinglist">
<div>
<span class="label_wrapper">
<span class="label">Pridať do zoznamu</span>
</span>
</div>
</div>
<span class="added-text">Pridané do <a
href="/akciove-ponuky/nakupny-zoznam/"
title="zoznamu"
target="_blank">zoznamu</a></span>
</div>
<div class="add-item">
<div class="add-item__inner">
<div class="newddl-text-field newddl-quantity qty_div">
<div class="newddl-button blue icon-bg standalone search-icon no-float less-button disabled">
<i class="icon">
<svg viewBox="0 0 24 8" width="100%" height="100%">
<line x1="3" y1="4" x2="21" y2="4"></line>
</svg>
</i>
</div>
<input type="text" class="newddl-quantity-input qty" value="1" min="1"
tabindex="0">
<div class="newddl-button blue icon-bg standalone search-icon no-float more-button">
<i class="icon">
<svg viewBox="0 0 24 24" width="100%" height="100%">
<line x1="3" y1="12" x2="21" y2="12"></line>
<line x1="12" y1="3" x2="12" y2="21"></line>
</svg>
</i>
</div>
</div>
<div class="newddl-button blue secondary no-float no-icon min-width accept-button add_to_basket"
onclick="addToBasket(this)"
data-template="/akciove-ponuky/nakupny-zoznam"
data-prod_id="1205861">
<span class="link-label">
Pridať do zoznamu                                              </span>
</div>
<div class="cancel-link"><a href="#cancel"
title="Zrušiť"
tabindex="0">Zrušiť</a>
</div>
</div>
</div>
<div class="added-item" style="">
<p class="t2 nddl">Pridané do <a
href="/akciove-ponuky/nakupny-zoznam/"
title="zoznamu"
target="_blank"
tabindex="0">zoznamu</a>
</p>
<a href="/akciove-ponuky/nakupny-zoznam/"
class="newddl-button blue secondary no-float no-icon min-width edit-button"
title="Upraviť zoznam" target="_blank"
tabindex="0">
<span class="link-label">Upraviť zoznam</span>
</a>
</div>
</div>
</div>

</div>
<div class="a-productListing__productsGrid__element">
<div class="ddl-product-lol  xEqHeights soon-expire"
title="Tatratea original 52%">
<div class="status-bar cf">
<div class="promo-countdown">

<i class="icon -lessThan48">
<svg xmlns="http://www.w3.org/2000/svg"
xmlns:xlink="http://www.w3.org/1999/xlink" width="22"
height="22" viewBox="0 0 22 22">
<defs>
<path id="ywjka"
d="M216.5 21a9.5 9.5 0 1 1-19 0 9.5 9.5 0 0 1 19 0z"/>
<path id="ywjkb" d="M207 14.5v7h-5"/>
</defs>
<g>
<g transform="translate(-196 -10)">
<use fill="#fff" fill-opacity="0" stroke="#fff"
stroke-miterlimit="50"
stroke-width="1.2" xlink:href="#ywjka"/>
</g>
<g transform="translate(-196 -10)">
<use fill="#fff" fill-opacity="0" stroke="#fff"
stroke-miterlimit="50"
stroke-width="1.2" xlink:href="#ywjkb"/>
</g>
</g>
</svg>
</i>

<i class="icon normal">
<svg xmlns="http://www.w3.org/2000/svg"
xmlns:xlink="http://www.w3.org/1999/xlink" width="22"
height="22" viewBox="0 0 22 22">
<defs>
<path id="ywjka"
d="M216.5 21a9.5 9.5 0 1 1-19 0 9.5 9.5 0 0 1 19 0z"/>
<path id="ywjkb" d="M207 14.5v7h-5"/>
</defs>
<g>
<g transform="translate(-196 -10)">
<use fill="#00539F" fill-opacity="0" stroke="#00539F"
stroke-miterlimit="50"
stroke-width="1.2" xlink:href="#ywjka"/>
</g>
<g transform="translate(-196 -10)">
<use fill="#00539F" fill-opacity="0" stroke="#00539F"
stroke-miterlimit="50"
stroke-width="1.2" xlink:href="#ywjkb"/>
</g>
</g>
</svg>
</i>

<div class="promo-countdown-wrapper">
<p>Zľava končí</p>
<b data-countdown="2023/01/04 0:00:00"
data-count-down-dur-locale="&quot;{\&quot;S\&quot;:\&quot;m\&quot;,\&quot;SS\&quot;:\&quot;m\&quot;,\&quot;s\&quot;:\&quot;d\&quot;,\&quot;ss\&quot;:\&quot;s\&quot;,\&quot;m\&quot;:\&quot;m\&quot;,\&quot;mm\&quot;:\&quot;m\&quot;,\&quot;h\&quot;:\&quot;h\&quot;,\&quot;hh\&quot;:\&quot;h\&quot;,\&quot;d\&quot;:\&quot;d\&quot;,\&quot;dd\&quot;:\&quot;d\&quot;,\&quot;w\&quot;:\&quot;t\&quot;,\&quot;ww\&quot;:\&quot;t\&quot;,\&quot;M\&quot;:\&quot;m\&quot;,\&quot;MM\&quot;:\&quot;m\&quot;,\&quot;y\&quot;:\&quot;r\&quot;,\&quot;yy\&quot;:\&quot;l\&quot;}&quot;"></b>
</div>
</div>
</div>
<a href="/akciove-ponuky/akciove-produkty/produkt/napoje/liehoviny-a-likery/tatratea-original-52/"
class="details-box" tabindex="0">
<div class="product__inner cc-tier2-higher-than-10-prod-blue-border">

<div class="product__info-wrapper">
<span class="product__name">Tatratea original 52%</span>
<div class="product__secondary-text">
<div>
0,7 l                            </div>
<span>Pôvodná cena:</span>
<span class="product__price-text">18,99
(1 l=27,13 €)                </span>
<div class="product__price-cc-text">
<span>s Clubcard:</span>
</div>
<span class="product__price-cc-text">14,39</span>
(1 l=20,56 €)        </div>
<div class="product__discount-percentage">
<div class="product__discount-normal-price">
18,99
</div>
<div class="discount-percentage__text">
<span>
-24
<span class="discount__percentage-sign">%</span>
</span>
</div>
</div>
<div class="product__price-wrapper-outer-box">
<div class="product__price-wrapper">
<div class="product__price ">
<span class="price__left-part">
14,39
</span>
</div>
<div class="product__cc-price-text">
Clubcard ceny
</div>
</div>
</div>
</div>
<div class="product__img-wrapper">
<div class="product__img-holder">
<img data-src="/img/opt/tescoce_sk/products/2022-12-28/png/tatratea-2002015909239-1-5k.png" src="/img/lq/tescoce_sk/products/2022-12-28/png/tatratea-2002015909239-1-5k.png" alt="Tatratea original 52%"//><noscript><img src="/img/opt/tescoce_sk/products/2022-12-28/png/tatratea-2002015909239-1-5k.png" alt="Tatratea original 52%"//></noscript>
</div>
<img
class="country-flag"
src="/img/npc/flags/slovak.svg"
alt="szlovák zászló"
/>
</div>
</div>                                                            </a>
<div class="shopping-list-parts">
<div class="add-button">
<i class="icon">
<svg viewBox="0 0 24 24" width="100%" height="100%">
<line x1="3" y1="12" x2="21" y2="12"></line>
<line x1="12" y1="3" x2="12" y2="21"></line>
</svg>
</i>
<div class="add-text ddl_link_inline address addtoshoppinglist">
<div>
<span class="label_wrapper">
<span class="label">Pridať do zoznamu</span>
</span>
</div>
</div>
<span class="added-text">Pridané do <a
href="/akciove-ponuky/nakupny-zoznam/"
title="zoznamu"
target="_blank">zoznamu</a></span>
</div>
<div class="add-item">
<div class="add-item__inner">
<div class="newddl-text-field newddl-quantity qty_div">
<div class="newddl-button blue icon-bg standalone search-icon no-float less-button disabled">
<i class="icon">
<svg viewBox="0 0 24 8" width="100%" height="100%">
<line x1="3" y1="4" x2="21" y2="4"></line>
</svg>
</i>
</div>
<input type="text" class="newddl-quantity-input qty" value="1" min="1"
tabindex="0">
<div class="newddl-button blue icon-bg standalone search-icon no-float more-button">
<i class="icon">
<svg viewBox="0 0 24 24" width="100%" height="100%">
<line x1="3" y1="12" x2="21" y2="12"></line>
<line x1="12" y1="3" x2="12" y2="21"></line>
</svg>
</i>
</div>
</div>
<div class="newddl-button blue secondary no-float no-icon min-width accept-button add_to_basket"
onclick="addToBasket(this)"
data-template="/akciove-ponuky/nakupny-zoznam"
data-prod_id="1216582">
<span class="link-label">
Pridať do zoznamu                                              </span>
</div>
<div class="cancel-link"><a href="#cancel"
title="Zrušiť"
tabindex="0">Zrušiť</a>
</div>
</div>
</div>
<div class="added-item" style="">
<p class="t2 nddl">Pridané do <a
href="/akciove-ponuky/nakupny-zoznam/"
title="zoznamu"
target="_blank"
tabindex="0">zoznamu</a>
</p>
<a href="/akciove-ponuky/nakupny-zoznam/"
class="newddl-button blue secondary no-float no-icon min-width edit-button"
title="Upraviť zoznam" target="_blank"
tabindex="0">
<span class="link-label">Upraviť zoznam</span>
</a>
</div>
</div>
</div>

</div>
<div class="a-productListing__productsGrid__element">
<div class="ddl-product-lol  xEqHeights soon-expire"
title="Teekanne Kolekcia čajov">
<div class="status-bar cf">
<div class="hovershowtooltip">
<div class="inner">
Ponuka je platná do 31.12.2022.
</div>
<div class="arrow-container">
<div class="arrow-down"></div>
<div class="arrow-down-fg"></div>
</div>
</div>
<a href="https://potravinydomov.itesco.sk/groceries/sk-SK/products/2002020177464"
class="newddl-button left transparent ghs-link"
tabindex="0" target="_blank">
<i class="icon">
<svg xmlns="http://www.w3.org/2000/svg"
xmlns:xlink="http://www.w3.org/1999/xlink"
style="width: 20px !important" height="13" viewBox="0 0 23 13">
<defs>
<path id="clxfa"
d="M33.33 21.44c.44.1.67.38.67.8v3.1c0 .47-.38.84-.84.84h-.9a2.2 2.2 0 0 1-2.18 1.8 2.2 2.2 0 0 1-2.17-1.8h-7.9a2.22 2.22 0 0 1-2.2 1.82c-1.1 0-2-.79-2.19-1.82h-1.66c-.97 0-1.15-.92-1.25-1.41l-1.04-4.25-.41-.27a.3.3 0 0 1-.14-.23L11 18.73c0-.84.66-1.5 1.48-1.5h2.3l-.14.15a.46.46 0 0 0 0 .66.47.47 0 0 0 .66 0l.8-.8h.01l2.11-2.1c.14-.14.41-.19.58-.09.15.09.24.24.24.4 0 .13-.05.24-.14.33l-1.47 1.46h4.39l-1.47-1.46a.46.46 0 0 1 .1-.73c.17-.1.43-.05.57.1L24 18.08c.08.06.18.1.28.1.17 0 .32-.09.4-.24.1-.17.05-.43-.09-.57l-.14-.14h2.31c.77 0 1.39.57 1.47 1.3h1.75c.22 0 .8 0 1.03.71l.8 1.94zM28.7 25.8c0 .75.62 1.36 1.37 1.36.86 0 1.54-.77 1.35-1.65-.1-.52-.53-.93-1.05-1.04a1.38 1.38 0 0 0-1.67 1.33zm-2.17-1c-.05.23-.12.44-.22.63h1.6a2.2 2.2 0 0 1 2.16-1.81c1.09 0 2 .76 2.18 1.8h.9c.04 0 .07-.03.07-.06v-3.11-.04l-.06-.01-1.7-.28a.39.39 0 0 1-.3-.23l-.9-2.2c-.05-.16-.08-.17-.29-.17h-1.77-.02l-.06.71a.3.3 0 0 1-.14.23l-.41.27zm-8.25-4.07a.42.42 0 0 0-.42.43l.29 2.69a.42.42 0 1 0 .83-.02l-.28-2.69a.42.42 0 0 0-.42-.4zm-3 3.15c.02.21.2.38.41.38h.04a.42.42 0 0 0 .38-.46l-.43-2.69a.41.41 0 0 0-.45-.38.42.42 0 0 0-.38.46zm2.53 3.27c.61 0 1.13-.4 1.3-.96h-2.6c.16.56.68.96 1.3.96zm4.11-6a.42.42 0 0 0-.41-.42.41.41 0 0 0-.42.4l-.28 2.72c0 .22.18.4.41.4.23 0 .42-.18.42-.39zm2.17 3.1c.22 0 .4-.16.42-.36l.43-2.71a.41.41 0 0 0-.38-.45.42.42 0 0 0-.45.37l-.43 2.71c-.01.11.02.22.1.3.07.09.17.14.28.15z"></path>
</defs>
<g>
<g clip-path="url(#clip-72B53A8F-48D2-421E-9EC9-9A8CE7DC52A1)"
transform="translate(-11 -15)">
<use fill="#00549e" stroke="none" xlink:href="#clxfa"></use>
</g>
</g>
</svg>
</i>
<div class="ddl_link_inline address shoponline"
style="display: inline-block; vertical-align: middle;">
<span class="link">
<span class="label_wrapper">
<span class="label">
Kúpiť teraz                                                    </span>
</span>
</span>
</div>
</a>
<div class="promo-countdown -lessThan48">

<i class="icon -lessThan48">
<svg xmlns="http://www.w3.org/2000/svg"
xmlns:xlink="http://www.w3.org/1999/xlink" width="22"
height="22" viewBox="0 0 22 22">
<defs>
<path id="ywjka"
d="M216.5 21a9.5 9.5 0 1 1-19 0 9.5 9.5 0 0 1 19 0z"/>
<path id="ywjkb" d="M207 14.5v7h-5"/>
</defs>
<g>
<g transform="translate(-196 -10)">
<use fill="#fff" fill-opacity="0" stroke="#fff"
stroke-miterlimit="50"
stroke-width="1.2" xlink:href="#ywjka"/>
</g>
<g transform="translate(-196 -10)">
<use fill="#fff" fill-opacity="0" stroke="#fff"
stroke-miterlimit="50"
stroke-width="1.2" xlink:href="#ywjkb"/>
</g>
</g>
</svg>
</i>

<i class="icon normal">
<svg xmlns="http://www.w3.org/2000/svg"
xmlns:xlink="http://www.w3.org/1999/xlink" width="22"
height="22" viewBox="0 0 22 22">
<defs>
<path id="ywjka"
d="M216.5 21a9.5 9.5 0 1 1-19 0 9.5 9.5 0 0 1 19 0z"/>
<path id="ywjkb" d="M207 14.5v7h-5"/>
</defs>
<g>
<g transform="translate(-196 -10)">
<use fill="#00539F" fill-opacity="0" stroke="#00539F"
stroke-miterlimit="50"
stroke-width="1.2" xlink:href="#ywjka"/>
</g>
<g transform="translate(-196 -10)">
<use fill="#00539F" fill-opacity="0" stroke="#00539F"
stroke-miterlimit="50"
stroke-width="1.2" xlink:href="#ywjkb"/>
</g>
</g>
</svg>
</i>

<div class="promo-countdown-wrapper">
<p>Zľava končí</p>
<b data-countdown="2023/01/01 0:00:00"
data-count-down-dur-locale="&quot;{\&quot;S\&quot;:\&quot;m\&quot;,\&quot;SS\&quot;:\&quot;m\&quot;,\&quot;s\&quot;:\&quot;d\&quot;,\&quot;ss\&quot;:\&quot;s\&quot;,\&quot;m\&quot;:\&quot;m\&quot;,\&quot;mm\&quot;:\&quot;m\&quot;,\&quot;h\&quot;:\&quot;h\&quot;,\&quot;hh\&quot;:\&quot;h\&quot;,\&quot;d\&quot;:\&quot;d\&quot;,\&quot;dd\&quot;:\&quot;d\&quot;,\&quot;w\&quot;:\&quot;t\&quot;,\&quot;ww\&quot;:\&quot;t\&quot;,\&quot;M\&quot;:\&quot;m\&quot;,\&quot;MM\&quot;:\&quot;m\&quot;,\&quot;y\&quot;:\&quot;r\&quot;,\&quot;yy\&quot;:\&quot;l\&quot;}&quot;"></b>
</div>
</div>
</div>
<a href="/akciove-ponuky/akciove-produkty/produkt/napoje/caje/teekanne-kolekcia-cajov/"
class="details-box" tabindex="0">
<div class="product__inner cc-tier2-higher-than-10-prod-blue-border">

<div class="product__info-wrapper">
<span class="product__name">Teekanne Kolekcia čajov</span>
<div class="product__secondary-text">
<div>
140 g + hrnček                            </div>
<span>Pôvodná cena:</span>
<span class="product__price-text">9,49
(1 kg=67,79 €)                </span>
<div class="product__price-cc-text">
<span>s Clubcard:</span>
</div>
<span class="product__price-cc-text">7,59</span>
(1 kg=54,21 €)        </div>
<div class="product__discount-percentage">
<div class="product__discount-normal-price">
9,49
</div>
<div class="discount-percentage__text">
<span>
-20
<span class="discount__percentage-sign">%</span>
</span>
</div>
</div>
<div class="product__price-wrapper-outer-box">
<div class="product__price-wrapper">
<div class="product__price ">
<span class="price__left-part">
7,59
</span>
</div>
<div class="product__cc-price-text">
Clubcard ceny
</div>
</div>
</div>
</div>
<div class="product__img-wrapper">
<div class="product__img-holder">
<img data-src="/img/opt/tescoce_sk/products/2022-12-07/png/teekanne-kolekcia-cajov-2002020177464-1-5k.png" src="/img/lq/tescoce_sk/products/2022-12-07/png/teekanne-kolekcia-cajov-2002020177464-1-5k.png" alt="Teekanne Kolekcia čajov"//><noscript><img src="/img/opt/tescoce_sk/products/2022-12-07/png/teekanne-kolekcia-cajov-2002020177464-1-5k.png" alt="Teekanne Kolekcia čajov"//></noscript>
</div>
<img
class="country-flag"
src=""
alt=""
/>
</div>
</div>                                                            </a>
<div class="shopping-list-parts">
<div class="add-button">
<i class="icon">
<svg viewBox="0 0 24 24" width="100%" height="100%">
<line x1="3" y1="12" x2="21" y2="12"></line>
<line x1="12" y1="3" x2="12" y2="21"></line>
</svg>
</i>
<div class="add-text ddl_link_inline address addtoshoppinglist">
<div>
<span class="label_wrapper">
<span class="label">Pridať do zoznamu</span>
</span>
</div>
</div>
<span class="added-text">Pridané do <a
href="/akciove-ponuky/nakupny-zoznam/"
title="zoznamu"
target="_blank">zoznamu</a></span>
</div>
<div class="add-item">
<div class="add-item__inner">
<div class="newddl-text-field newddl-quantity qty_div">
<div class="newddl-button blue icon-bg standalone search-icon no-float less-button disabled">
<i class="icon">
<svg viewBox="0 0 24 8" width="100%" height="100%">
<line x1="3" y1="4" x2="21" y2="4"></line>
</svg>
</i>
</div>
<input type="text" class="newddl-quantity-input qty" value="1" min="1"
tabindex="0">
<div class="newddl-button blue icon-bg standalone search-icon no-float more-button">
<i class="icon">
<svg viewBox="0 0 24 24" width="100%" height="100%">
<line x1="3" y1="12" x2="21" y2="12"></line>
<line x1="12" y1="3" x2="12" y2="21"></line>
</svg>
</i>
</div>
</div>
<div class="newddl-button blue secondary no-float no-icon min-width accept-button add_to_basket"
onclick="addToBasket(this)"
data-template="/akciove-ponuky/nakupny-zoznam"
data-prod_id="1205841">
<span class="link-label">
Pridať do zoznamu                                              </span>
</div>
<div class="cancel-link"><a href="#cancel"
title="Zrušiť"
tabindex="0">Zrušiť</a>
</div>
</div>
</div>
<div class="added-item" style="">
<p class="t2 nddl">Pridané do <a
href="/akciove-ponuky/nakupny-zoznam/"
title="zoznamu"
target="_blank"
tabindex="0">zoznamu</a>
</p>
<a href="/akciove-ponuky/nakupny-zoznam/"
class="newddl-button blue secondary no-float no-icon min-width edit-button"
title="Upraviť zoznam" target="_blank"
tabindex="0">
<span class="link-label">Upraviť zoznam</span>
</a>
</div>
</div>
</div>

</div>
<div class="a-productListing__productsGrid__element">
<div class="ddl-product-lol  xEqHeights soon-expire"
title="Tesco džús 100%">
<div class="status-bar cf">
<div class="hovershowtooltip">
<div class="inner">
Ponuka je platná do 03.01.2023.
</div>
<div class="arrow-container">
<div class="arrow-down"></div>
<div class="arrow-down-fg"></div>
</div>
</div>
<a href="https://potravinydomov.itesco.sk/groceries/sk-SK/products/2002120339915"
class="newddl-button left transparent ghs-link"
tabindex="0" target="_blank">
<i class="icon">
<svg xmlns="http://www.w3.org/2000/svg"
xmlns:xlink="http://www.w3.org/1999/xlink"
style="width: 20px !important" height="13" viewBox="0 0 23 13">
<defs>
<path id="clxfa"
d="M33.33 21.44c.44.1.67.38.67.8v3.1c0 .47-.38.84-.84.84h-.9a2.2 2.2 0 0 1-2.18 1.8 2.2 2.2 0 0 1-2.17-1.8h-7.9a2.22 2.22 0 0 1-2.2 1.82c-1.1 0-2-.79-2.19-1.82h-1.66c-.97 0-1.15-.92-1.25-1.41l-1.04-4.25-.41-.27a.3.3 0 0 1-.14-.23L11 18.73c0-.84.66-1.5 1.48-1.5h2.3l-.14.15a.46.46 0 0 0 0 .66.47.47 0 0 0 .66 0l.8-.8h.01l2.11-2.1c.14-.14.41-.19.58-.09.15.09.24.24.24.4 0 .13-.05.24-.14.33l-1.47 1.46h4.39l-1.47-1.46a.46.46 0 0 1 .1-.73c.17-.1.43-.05.57.1L24 18.08c.08.06.18.1.28.1.17 0 .32-.09.4-.24.1-.17.05-.43-.09-.57l-.14-.14h2.31c.77 0 1.39.57 1.47 1.3h1.75c.22 0 .8 0 1.03.71l.8 1.94zM28.7 25.8c0 .75.62 1.36 1.37 1.36.86 0 1.54-.77 1.35-1.65-.1-.52-.53-.93-1.05-1.04a1.38 1.38 0 0 0-1.67 1.33zm-2.17-1c-.05.23-.12.44-.22.63h1.6a2.2 2.2 0 0 1 2.16-1.81c1.09 0 2 .76 2.18 1.8h.9c.04 0 .07-.03.07-.06v-3.11-.04l-.06-.01-1.7-.28a.39.39 0 0 1-.3-.23l-.9-2.2c-.05-.16-.08-.17-.29-.17h-1.77-.02l-.06.71a.3.3 0 0 1-.14.23l-.41.27zm-8.25-4.07a.42.42 0 0 0-.42.43l.29 2.69a.42.42 0 1 0 .83-.02l-.28-2.69a.42.42 0 0 0-.42-.4zm-3 3.15c.02.21.2.38.41.38h.04a.42.42 0 0 0 .38-.46l-.43-2.69a.41.41 0 0 0-.45-.38.42.42 0 0 0-.38.46zm2.53 3.27c.61 0 1.13-.4 1.3-.96h-2.6c.16.56.68.96 1.3.96zm4.11-6a.42.42 0 0 0-.41-.42.41.41 0 0 0-.42.4l-.28 2.72c0 .22.18.4.41.4.23 0 .42-.18.42-.39zm2.17 3.1c.22 0 .4-.16.42-.36l.43-2.71a.41.41 0 0 0-.38-.45.42.42 0 0 0-.45.37l-.43 2.71c-.01.11.02.22.1.3.07.09.17.14.28.15z"></path>
</defs>
<g>
<g clip-path="url(#clip-72B53A8F-48D2-421E-9EC9-9A8CE7DC52A1)"
transform="translate(-11 -15)">
<use fill="#00549e" stroke="none" xlink:href="#clxfa"></use>
</g>
</g>
</svg>
</i>
<div class="ddl_link_inline address shoponline"
style="display: inline-block; vertical-align: middle;">
<span class="link">
<span class="label_wrapper">
<span class="label">
Kúpiť teraz                                                    </span>
</span>
</span>
</div>
</a>
<div class="promo-countdown">

<i class="icon -lessThan48">
<svg xmlns="http://www.w3.org/2000/svg"
xmlns:xlink="http://www.w3.org/1999/xlink" width="22"
height="22" viewBox="0 0 22 22">
<defs>
<path id="ywjka"
d="M216.5 21a9.5 9.5 0 1 1-19 0 9.5 9.5 0 0 1 19 0z"/>
<path id="ywjkb" d="M207 14.5v7h-5"/>
</defs>
<g>
<g transform="translate(-196 -10)">
<use fill="#fff" fill-opacity="0" stroke="#fff"
stroke-miterlimit="50"
stroke-width="1.2" xlink:href="#ywjka"/>
</g>
<g transform="translate(-196 -10)">
<use fill="#fff" fill-opacity="0" stroke="#fff"
stroke-miterlimit="50"
stroke-width="1.2" xlink:href="#ywjkb"/>
</g>
</g>
</svg>
</i>

<i class="icon normal">
<svg xmlns="http://www.w3.org/2000/svg"
xmlns:xlink="http://www.w3.org/1999/xlink" width="22"
height="22" viewBox="0 0 22 22">
<defs>
<path id="ywjka"
d="M216.5 21a9.5 9.5 0 1 1-19 0 9.5 9.5 0 0 1 19 0z"/>
<path id="ywjkb" d="M207 14.5v7h-5"/>
</defs>
<g>
<g transform="translate(-196 -10)">
<use fill="#00539F" fill-opacity="0" stroke="#00539F"
stroke-miterlimit="50"
stroke-width="1.2" xlink:href="#ywjka"/>
</g>
<g transform="translate(-196 -10)">
<use fill="#00539F" fill-opacity="0" stroke="#00539F"
stroke-miterlimit="50"
stroke-width="1.2" xlink:href="#ywjkb"/>
</g>
</g>
</svg>
</i>

<div class="promo-countdown-wrapper">
<p>Zľava končí</p>
<b data-countdown="2023/01/04 0:00:00"
data-count-down-dur-locale="&quot;{\&quot;S\&quot;:\&quot;m\&quot;,\&quot;SS\&quot;:\&quot;m\&quot;,\&quot;s\&quot;:\&quot;d\&quot;,\&quot;ss\&quot;:\&quot;s\&quot;,\&quot;m\&quot;:\&quot;m\&quot;,\&quot;mm\&quot;:\&quot;m\&quot;,\&quot;h\&quot;:\&quot;h\&quot;,\&quot;hh\&quot;:\&quot;h\&quot;,\&quot;d\&quot;:\&quot;d\&quot;,\&quot;dd\&quot;:\&quot;d\&quot;,\&quot;w\&quot;:\&quot;t\&quot;,\&quot;ww\&quot;:\&quot;t\&quot;,\&quot;M\&quot;:\&quot;m\&quot;,\&quot;MM\&quot;:\&quot;m\&quot;,\&quot;y\&quot;:\&quot;r\&quot;,\&quot;yy\&quot;:\&quot;l\&quot;}&quot;"></b>
</div>
</div>
</div>
<a href="/akciove-ponuky/akciove-produkty/produkt/napoje/dzusy/tesco-dzus-100/"
class="details-box" tabindex="0">
<div class="product__inner normal_price__product">
<div class="product__price_guarantee-icon">
</div>

<div class="product__info-wrapper">
<div class="product__exclusivity">
</div>
<div class="product__text-name-wrapper">
<div class="product__text-name-wrapper">
<span class="product__name">Tesco džús 100%</span>
</div>
</div>
<div class="product__secondary-text">
viac druhov, 1 l                                </div>
<div class="product__price-wrapper">
<div class="product__price">
<span class="price__left-part">
1
</span>
<span class="price__right-part">
09
</span>
</div>
<div class="product__currency"></div>
</div>
</div>
<div class="product__img-wrapper">
<div class="product__img-holder">
<img data-src="/img/opt/tescoce_sk/products/2022-12-28/png/tesco-dzus-100-2002120339915-1-5k.png" src="/img/lq/tescoce_sk/products/2022-12-28/png/tesco-dzus-100-2002120339915-1-5k.png" alt="Tesco džús 100%"//><noscript><img src="/img/opt/tescoce_sk/products/2022-12-28/png/tesco-dzus-100-2002120339915-1-5k.png" alt="Tesco džús 100%"//></noscript>
</div>
<img class="country-flag" src="" alt=""/>
</div>
</div>                                                            </a>
<div class="shopping-list-parts">
<div class="add-button">
<i class="icon">
<svg viewBox="0 0 24 24" width="100%" height="100%">
<line x1="3" y1="12" x2="21" y2="12"></line>
<line x1="12" y1="3" x2="12" y2="21"></line>
</svg>
</i>
<div class="add-text ddl_link_inline address addtoshoppinglist">
<div>
<span class="label_wrapper">
<span class="label">Pridať do zoznamu</span>
</span>
</div>
</div>
<span class="added-text">Pridané do <a
href="/akciove-ponuky/nakupny-zoznam/"
title="zoznamu"
target="_blank">zoznamu</a></span>
</div>
<div class="add-item">
<div class="add-item__inner">
<div class="newddl-text-field newddl-quantity qty_div">
<div class="newddl-button blue icon-bg standalone search-icon no-float less-button disabled">
<i class="icon">
<svg viewBox="0 0 24 8" width="100%" height="100%">
<line x1="3" y1="4" x2="21" y2="4"></line>
</svg>
</i>
</div>
<input type="text" class="newddl-quantity-input qty" value="1" min="1"
tabindex="0">
<div class="newddl-button blue icon-bg standalone search-icon no-float more-button">
<i class="icon">
<svg viewBox="0 0 24 24" width="100%" height="100%">
<line x1="3" y1="12" x2="21" y2="12"></line>
<line x1="12" y1="3" x2="12" y2="21"></line>
</svg>
</i>
</div>
</div>
<div class="newddl-button blue secondary no-float no-icon min-width accept-button add_to_basket"
onclick="addToBasket(this)"
data-template="/akciove-ponuky/nakupny-zoznam"
data-prod_id="1215992">
<span class="link-label">
Pridať do zoznamu                                              </span>
</div>
<div class="cancel-link"><a href="#cancel"
title="Zrušiť"
tabindex="0">Zrušiť</a>
</div>
</div>
</div>
<div class="added-item" style="">
<p class="t2 nddl">Pridané do <a
href="/akciove-ponuky/nakupny-zoznam/"
title="zoznamu"
target="_blank"
tabindex="0">zoznamu</a>
</p>
<a href="/akciove-ponuky/nakupny-zoznam/"
class="newddl-button blue secondary no-float no-icon min-width edit-button"
title="Upraviť zoznam" target="_blank"
tabindex="0">
<span class="link-label">Upraviť zoznam</span>
</a>
</div>
</div>
</div>

</div>
<div class="a-productListing__productsGrid__element">
<div class="ddl-product-lol  xEqHeights soon-expire"
title="Tesco Red energy smoothie">
<div class="status-bar cf">
<div class="hovershowtooltip">
<div class="inner">
Ponuka je platná do 03.01.2023.
</div>
<div class="arrow-container">
<div class="arrow-down"></div>
<div class="arrow-down-fg"></div>
</div>
</div>
<a href="https://potravinydomov.itesco.sk/groceries/sk-SK/products/2002121564824"
class="newddl-button left transparent ghs-link"
tabindex="0" target="_blank">
<i class="icon">
<svg xmlns="http://www.w3.org/2000/svg"
xmlns:xlink="http://www.w3.org/1999/xlink"
style="width: 20px !important" height="13" viewBox="0 0 23 13">
<defs>
<path id="clxfa"
d="M33.33 21.44c.44.1.67.38.67.8v3.1c0 .47-.38.84-.84.84h-.9a2.2 2.2 0 0 1-2.18 1.8 2.2 2.2 0 0 1-2.17-1.8h-7.9a2.22 2.22 0 0 1-2.2 1.82c-1.1 0-2-.79-2.19-1.82h-1.66c-.97 0-1.15-.92-1.25-1.41l-1.04-4.25-.41-.27a.3.3 0 0 1-.14-.23L11 18.73c0-.84.66-1.5 1.48-1.5h2.3l-.14.15a.46.46 0 0 0 0 .66.47.47 0 0 0 .66 0l.8-.8h.01l2.11-2.1c.14-.14.41-.19.58-.09.15.09.24.24.24.4 0 .13-.05.24-.14.33l-1.47 1.46h4.39l-1.47-1.46a.46.46 0 0 1 .1-.73c.17-.1.43-.05.57.1L24 18.08c.08.06.18.1.28.1.17 0 .32-.09.4-.24.1-.17.05-.43-.09-.57l-.14-.14h2.31c.77 0 1.39.57 1.47 1.3h1.75c.22 0 .8 0 1.03.71l.8 1.94zM28.7 25.8c0 .75.62 1.36 1.37 1.36.86 0 1.54-.77 1.35-1.65-.1-.52-.53-.93-1.05-1.04a1.38 1.38 0 0 0-1.67 1.33zm-2.17-1c-.05.23-.12.44-.22.63h1.6a2.2 2.2 0 0 1 2.16-1.81c1.09 0 2 .76 2.18 1.8h.9c.04 0 .07-.03.07-.06v-3.11-.04l-.06-.01-1.7-.28a.39.39 0 0 1-.3-.23l-.9-2.2c-.05-.16-.08-.17-.29-.17h-1.77-.02l-.06.71a.3.3 0 0 1-.14.23l-.41.27zm-8.25-4.07a.42.42 0 0 0-.42.43l.29 2.69a.42.42 0 1 0 .83-.02l-.28-2.69a.42.42 0 0 0-.42-.4zm-3 3.15c.02.21.2.38.41.38h.04a.42.42 0 0 0 .38-.46l-.43-2.69a.41.41 0 0 0-.45-.38.42.42 0 0 0-.38.46zm2.53 3.27c.61 0 1.13-.4 1.3-.96h-2.6c.16.56.68.96 1.3.96zm4.11-6a.42.42 0 0 0-.41-.42.41.41 0 0 0-.42.4l-.28 2.72c0 .22.18.4.41.4.23 0 .42-.18.42-.39zm2.17 3.1c.22 0 .4-.16.42-.36l.43-2.71a.41.41 0 0 0-.38-.45.42.42 0 0 0-.45.37l-.43 2.71c-.01.11.02.22.1.3.07.09.17.14.28.15z"></path>
</defs>
<g>
<g clip-path="url(#clip-72B53A8F-48D2-421E-9EC9-9A8CE7DC52A1)"
transform="translate(-11 -15)">
<use fill="#00549e" stroke="none" xlink:href="#clxfa"></use>
</g>
</g>
</svg>
</i>
<div class="ddl_link_inline address shoponline"
style="display: inline-block; vertical-align: middle;">
<span class="link">
<span class="label_wrapper">
<span class="label">
Kúpiť teraz                                                    </span>
</span>
</span>
</div>
</a>
<div class="promo-countdown">

<i class="icon -lessThan48">
<svg xmlns="http://www.w3.org/2000/svg"
xmlns:xlink="http://www.w3.org/1999/xlink" width="22"
height="22" viewBox="0 0 22 22">
<defs>
<path id="ywjka"
d="M216.5 21a9.5 9.5 0 1 1-19 0 9.5 9.5 0 0 1 19 0z"/>
<path id="ywjkb" d="M207 14.5v7h-5"/>
</defs>
<g>
<g transform="translate(-196 -10)">
<use fill="#fff" fill-opacity="0" stroke="#fff"
stroke-miterlimit="50"
stroke-width="1.2" xlink:href="#ywjka"/>
</g>
<g transform="translate(-196 -10)">
<use fill="#fff" fill-opacity="0" stroke="#fff"
stroke-miterlimit="50"
stroke-width="1.2" xlink:href="#ywjkb"/>
</g>
</g>
</svg>
</i>

<i class="icon normal">
<svg xmlns="http://www.w3.org/2000/svg"
xmlns:xlink="http://www.w3.org/1999/xlink" width="22"
height="22" viewBox="0 0 22 22">
<defs>
<path id="ywjka"
d="M216.5 21a9.5 9.5 0 1 1-19 0 9.5 9.5 0 0 1 19 0z"/>
<path id="ywjkb" d="M207 14.5v7h-5"/>
</defs>
<g>
<g transform="translate(-196 -10)">
<use fill="#00539F" fill-opacity="0" stroke="#00539F"
stroke-miterlimit="50"
stroke-width="1.2" xlink:href="#ywjka"/>
</g>
<g transform="translate(-196 -10)">
<use fill="#00539F" fill-opacity="0" stroke="#00539F"
stroke-miterlimit="50"
stroke-width="1.2" xlink:href="#ywjkb"/>
</g>
</g>
</svg>
</i>

<div class="promo-countdown-wrapper">
<p>Zľava končí</p>
<b data-countdown="2023/01/04 0:00:00"
data-count-down-dur-locale="&quot;{\&quot;S\&quot;:\&quot;m\&quot;,\&quot;SS\&quot;:\&quot;m\&quot;,\&quot;s\&quot;:\&quot;d\&quot;,\&quot;ss\&quot;:\&quot;s\&quot;,\&quot;m\&quot;:\&quot;m\&quot;,\&quot;mm\&quot;:\&quot;m\&quot;,\&quot;h\&quot;:\&quot;h\&quot;,\&quot;hh\&quot;:\&quot;h\&quot;,\&quot;d\&quot;:\&quot;d\&quot;,\&quot;dd\&quot;:\&quot;d\&quot;,\&quot;w\&quot;:\&quot;t\&quot;,\&quot;ww\&quot;:\&quot;t\&quot;,\&quot;M\&quot;:\&quot;m\&quot;,\&quot;MM\&quot;:\&quot;m\&quot;,\&quot;y\&quot;:\&quot;r\&quot;,\&quot;yy\&quot;:\&quot;l\&quot;}&quot;"></b>
</div>
</div>
</div>
<a href="/akciove-ponuky/akciove-produkty/produkt/napoje/dzusy/tesco-red-energy-smoothie/"
class="details-box" tabindex="0">
<div class="product__inner cc-tier2-higher-than-10-prod-blue-border">

<div class="product__info-wrapper">
<span class="product__name">Tesco Red energy smoothie</span>
<div class="product__secondary-text">
<div>
balené, 330 ml                            </div>
<span>Pôvodná cena:</span>
<span class="product__price-text">1,69
(1 l=5,12 €)                </span>
<div class="product__price-cc-text">
<span>s Clubcard:</span>
</div>
<span class="product__price-cc-text">1,35</span>
(1 l=4,09 €)        </div>
<div class="product__discount-percentage">
<div class="product__discount-normal-price">
1,69
</div>
<div class="discount-percentage__text">
<span>
-20
<span class="discount__percentage-sign">%</span>
</span>
</div>
</div>
<div class="product__price-wrapper-outer-box">
<div class="product__price-wrapper">
<div class="product__price ">
<span class="price__left-part">
1,35
</span>
</div>
<div class="product__cc-price-text">
Clubcard ceny
</div>
</div>
</div>
</div>
<div class="product__img-wrapper">
<div class="product__img-holder">
<img data-src="/img/opt/tescoce_sk/products/2022-12-28/png/tesco-red-energy-smoothie-330-ml-2002121564824-1-5k.png" src="/img/lq/tescoce_sk/products/2022-12-28/png/tesco-red-energy-smoothie-330-ml-2002121564824-1-5k.png" alt="Tesco Red energy smoothie"//><noscript><img src="/img/opt/tescoce_sk/products/2022-12-28/png/tesco-red-energy-smoothie-330-ml-2002121564824-1-5k.png" alt="Tesco Red energy smoothie"//></noscript>
</div>
<img
class="country-flag"
src=""
alt=""
/>
</div>
</div>                                                            </a>
<div class="shopping-list-parts">
<div class="add-button">
<i class="icon">
<svg viewBox="0 0 24 24" width="100%" height="100%">
<line x1="3" y1="12" x2="21" y2="12"></line>
<line x1="12" y1="3" x2="12" y2="21"></line>
</svg>
</i>
<div class="add-text ddl_link_inline address addtoshoppinglist">
<div>
<span class="label_wrapper">
<span class="label">Pridať do zoznamu</span>
</span>
</div>
</div>
<span class="added-text">Pridané do <a
href="/akciove-ponuky/nakupny-zoznam/"
title="zoznamu"
target="_blank">zoznamu</a></span>
</div>
<div class="add-item">
<div class="add-item__inner">
<div class="newddl-text-field newddl-quantity qty_div">
<div class="newddl-button blue icon-bg standalone search-icon no-float less-button disabled">
<i class="icon">
<svg viewBox="0 0 24 8" width="100%" height="100%">
<line x1="3" y1="4" x2="21" y2="4"></line>
</svg>
</i>
</div>
<input type="text" class="newddl-quantity-input qty" value="1" min="1"
tabindex="0">
<div class="newddl-button blue icon-bg standalone search-icon no-float more-button">
<i class="icon">
<svg viewBox="0 0 24 24" width="100%" height="100%">
<line x1="3" y1="12" x2="21" y2="12"></line>
<line x1="12" y1="3" x2="12" y2="21"></line>
</svg>
</i>
</div>
</div>
<div class="newddl-button blue secondary no-float no-icon min-width accept-button add_to_basket"
onclick="addToBasket(this)"
data-template="/akciove-ponuky/nakupny-zoznam"
data-prod_id="1215352">
<span class="link-label">
Pridať do zoznamu                                              </span>
</div>
<div class="cancel-link"><a href="#cancel"
title="Zrušiť"
tabindex="0">Zrušiť</a>
</div>
</div>
</div>
<div class="added-item" style="">
<p class="t2 nddl">Pridané do <a
href="/akciove-ponuky/nakupny-zoznam/"
title="zoznamu"
target="_blank"
tabindex="0">zoznamu</a>
</p>
<a href="/akciove-ponuky/nakupny-zoznam/"
class="newddl-button blue secondary no-float no-icon min-width edit-button"
title="Upraviť zoznam" target="_blank"
tabindex="0">
<span class="link-label">Upraviť zoznam</span>
</a>
</div>
</div>
</div>

</div>
<div class="a-productListing__productsGrid__element">
<div class="ddl-product-lol  xEqHeights soon-expire"
title="Tiger energetický nápoj">
<div class="status-bar cf">
<div class="promo-countdown">

<i class="icon -lessThan48">
<svg xmlns="http://www.w3.org/2000/svg"
xmlns:xlink="http://www.w3.org/1999/xlink" width="22"
height="22" viewBox="0 0 22 22">
<defs>
<path id="ywjka"
d="M216.5 21a9.5 9.5 0 1 1-19 0 9.5 9.5 0 0 1 19 0z"/>
<path id="ywjkb" d="M207 14.5v7h-5"/>
</defs>
<g>
<g transform="translate(-196 -10)">
<use fill="#fff" fill-opacity="0" stroke="#fff"
stroke-miterlimit="50"
stroke-width="1.2" xlink:href="#ywjka"/>
</g>
<g transform="translate(-196 -10)">
<use fill="#fff" fill-opacity="0" stroke="#fff"
stroke-miterlimit="50"
stroke-width="1.2" xlink:href="#ywjkb"/>
</g>
</g>
</svg>
</i>

<i class="icon normal">
<svg xmlns="http://www.w3.org/2000/svg"
xmlns:xlink="http://www.w3.org/1999/xlink" width="22"
height="22" viewBox="0 0 22 22">
<defs>
<path id="ywjka"
d="M216.5 21a9.5 9.5 0 1 1-19 0 9.5 9.5 0 0 1 19 0z"/>
<path id="ywjkb" d="M207 14.5v7h-5"/>
</defs>
<g>
<g transform="translate(-196 -10)">
<use fill="#00539F" fill-opacity="0" stroke="#00539F"
stroke-miterlimit="50"
stroke-width="1.2" xlink:href="#ywjka"/>
</g>
<g transform="translate(-196 -10)">
<use fill="#00539F" fill-opacity="0" stroke="#00539F"
stroke-miterlimit="50"
stroke-width="1.2" xlink:href="#ywjkb"/>
</g>
</g>
</svg>
</i>

<div class="promo-countdown-wrapper">
<p>Zľava končí</p>
<b data-countdown="2023/01/11 0:00:00"
data-count-down-dur-locale="&quot;{\&quot;S\&quot;:\&quot;m\&quot;,\&quot;SS\&quot;:\&quot;m\&quot;,\&quot;s\&quot;:\&quot;d\&quot;,\&quot;ss\&quot;:\&quot;s\&quot;,\&quot;m\&quot;:\&quot;m\&quot;,\&quot;mm\&quot;:\&quot;m\&quot;,\&quot;h\&quot;:\&quot;h\&quot;,\&quot;hh\&quot;:\&quot;h\&quot;,\&quot;d\&quot;:\&quot;d\&quot;,\&quot;dd\&quot;:\&quot;d\&quot;,\&quot;w\&quot;:\&quot;t\&quot;,\&quot;ww\&quot;:\&quot;t\&quot;,\&quot;M\&quot;:\&quot;m\&quot;,\&quot;MM\&quot;:\&quot;m\&quot;,\&quot;y\&quot;:\&quot;r\&quot;,\&quot;yy\&quot;:\&quot;l\&quot;}&quot;"></b>
</div>
</div>
</div>
<a href="/akciove-ponuky/akciove-produkty/produkt/napoje/nealkoholicke-napoje/tiger-energeticky-napoj/"
class="details-box" tabindex="0">
<div class="product__inner cc-tier2-higher-than-10-prod-blue-border">

<div class="product__info-wrapper">
<span class="product__name">Tiger energetický nápoj</span>
<div class="product__secondary-text">
<div>
viac druhov, 500 ml. 
Záloha za vratný 
obal 0,15                            </div>
<span>Pôvodná cena:</span>
<span class="product__price-text">1,19
(1 l=2,38 €)                </span>
<div class="product__price-cc-text">
<span>s Clubcard:</span>
</div>
<span class="product__price-cc-text">0,49</span>
(1 l=0,98 €)        </div>
<div class="product__discount-percentage">
<div class="product__discount-normal-price">
1,19
</div>
<div class="discount-percentage__text">
<span>
-58
<span class="discount__percentage-sign">%</span>
</span>
</div>
</div>
<div class="product__price-wrapper-outer-box">
<div class="product__price-wrapper">
<div class="product__price ">
<span class="price__left-part">
0,49
</span>
</div>
<div class="product__cc-price-text">
Clubcard ceny
</div>
</div>
</div>
</div>
<div class="product__img-wrapper">
<div class="product__img-holder">
<img data-src="/img/opt/tescoce_sk/products/2022-12-28/png/tiger-energeticky-napoj-2002121557608-1-5k.png" src="/img/lq/tescoce_sk/products/2022-12-28/png/tiger-energeticky-napoj-2002121557608-1-5k.png" alt="Tiger energetický nápoj"//><noscript><img src="/img/opt/tescoce_sk/products/2022-12-28/png/tiger-energeticky-napoj-2002121557608-1-5k.png" alt="Tiger energetický nápoj"//></noscript>
</div>
<img
class="country-flag"
src=""
alt=""
/>
</div>
</div>                                                            </a>
<div class="shopping-list-parts">
<div class="add-button">
<i class="icon">
<svg viewBox="0 0 24 24" width="100%" height="100%">
<line x1="3" y1="12" x2="21" y2="12"></line>
<line x1="12" y1="3" x2="12" y2="21"></line>
</svg>
</i>
<div class="add-text ddl_link_inline address addtoshoppinglist">
<div>
<span class="label_wrapper">
<span class="label">Pridať do zoznamu</span>
</span>
</div>
</div>
<span class="added-text">Pridané do <a
href="/akciove-ponuky/nakupny-zoznam/"
title="zoznamu"
target="_blank">zoznamu</a></span>
</div>
<div class="add-item">
<div class="add-item__inner">
<div class="newddl-text-field newddl-quantity qty_div">
<div class="newddl-button blue icon-bg standalone search-icon no-float less-button disabled">
<i class="icon">
<svg viewBox="0 0 24 8" width="100%" height="100%">
<line x1="3" y1="4" x2="21" y2="4"></line>
</svg>
</i>
</div>
<input type="text" class="newddl-quantity-input qty" value="1" min="1"
tabindex="0">
<div class="newddl-button blue icon-bg standalone search-icon no-float more-button">
<i class="icon">
<svg viewBox="0 0 24 24" width="100%" height="100%">
<line x1="3" y1="12" x2="21" y2="12"></line>
<line x1="12" y1="3" x2="12" y2="21"></line>
</svg>
</i>
</div>
</div>
<div class="newddl-button blue secondary no-float no-icon min-width accept-button add_to_basket"
onclick="addToBasket(this)"
data-template="/akciove-ponuky/nakupny-zoznam"
data-prod_id="1216632">
<span class="link-label">
Pridať do zoznamu                                              </span>
</div>
<div class="cancel-link"><a href="#cancel"
title="Zrušiť"
tabindex="0">Zrušiť</a>
</div>
</div>
</div>
<div class="added-item" style="">
<p class="t2 nddl">Pridané do <a
href="/akciove-ponuky/nakupny-zoznam/"
title="zoznamu"
target="_blank"
tabindex="0">zoznamu</a>
</p>
<a href="/akciove-ponuky/nakupny-zoznam/"
class="newddl-button blue secondary no-float no-icon min-width edit-button"
title="Upraviť zoznam" target="_blank"
tabindex="0">
<span class="link-label">Upraviť zoznam</span>
</a>
</div>
</div>
</div>

</div>
<div class="a-productListing__productsGrid__element">
<div class="ddl-product-lol  xEqHeights soon-expire"
title="Topoľčianky destilát 44%">
<div class="status-bar cf">
<div class="hovershowtooltip">
<div class="inner">
Ponuka je platná do 03.01.2023.
</div>
<div class="arrow-container">
<div class="arrow-down"></div>
<div class="arrow-down-fg"></div>
</div>
</div>
<a href="https://potravinydomov.itesco.sk/groceries/sk-SK/products/2002020162345"
class="newddl-button left transparent ghs-link"
tabindex="0" target="_blank">
<i class="icon">
<svg xmlns="http://www.w3.org/2000/svg"
xmlns:xlink="http://www.w3.org/1999/xlink"
style="width: 20px !important" height="13" viewBox="0 0 23 13">
<defs>
<path id="clxfa"
d="M33.33 21.44c.44.1.67.38.67.8v3.1c0 .47-.38.84-.84.84h-.9a2.2 2.2 0 0 1-2.18 1.8 2.2 2.2 0 0 1-2.17-1.8h-7.9a2.22 2.22 0 0 1-2.2 1.82c-1.1 0-2-.79-2.19-1.82h-1.66c-.97 0-1.15-.92-1.25-1.41l-1.04-4.25-.41-.27a.3.3 0 0 1-.14-.23L11 18.73c0-.84.66-1.5 1.48-1.5h2.3l-.14.15a.46.46 0 0 0 0 .66.47.47 0 0 0 .66 0l.8-.8h.01l2.11-2.1c.14-.14.41-.19.58-.09.15.09.24.24.24.4 0 .13-.05.24-.14.33l-1.47 1.46h4.39l-1.47-1.46a.46.46 0 0 1 .1-.73c.17-.1.43-.05.57.1L24 18.08c.08.06.18.1.28.1.17 0 .32-.09.4-.24.1-.17.05-.43-.09-.57l-.14-.14h2.31c.77 0 1.39.57 1.47 1.3h1.75c.22 0 .8 0 1.03.71l.8 1.94zM28.7 25.8c0 .75.62 1.36 1.37 1.36.86 0 1.54-.77 1.35-1.65-.1-.52-.53-.93-1.05-1.04a1.38 1.38 0 0 0-1.67 1.33zm-2.17-1c-.05.23-.12.44-.22.63h1.6a2.2 2.2 0 0 1 2.16-1.81c1.09 0 2 .76 2.18 1.8h.9c.04 0 .07-.03.07-.06v-3.11-.04l-.06-.01-1.7-.28a.39.39 0 0 1-.3-.23l-.9-2.2c-.05-.16-.08-.17-.29-.17h-1.77-.02l-.06.71a.3.3 0 0 1-.14.23l-.41.27zm-8.25-4.07a.42.42 0 0 0-.42.43l.29 2.69a.42.42 0 1 0 .83-.02l-.28-2.69a.42.42 0 0 0-.42-.4zm-3 3.15c.02.21.2.38.41.38h.04a.42.42 0 0 0 .38-.46l-.43-2.69a.41.41 0 0 0-.45-.38.42.42 0 0 0-.38.46zm2.53 3.27c.61 0 1.13-.4 1.3-.96h-2.6c.16.56.68.96 1.3.96zm4.11-6a.42.42 0 0 0-.41-.42.41.41 0 0 0-.42.4l-.28 2.72c0 .22.18.4.41.4.23 0 .42-.18.42-.39zm2.17 3.1c.22 0 .4-.16.42-.36l.43-2.71a.41.41 0 0 0-.38-.45.42.42 0 0 0-.45.37l-.43 2.71c-.01.11.02.22.1.3.07.09.17.14.28.15z"></path>
</defs>
<g>
<g clip-path="url(#clip-72B53A8F-48D2-421E-9EC9-9A8CE7DC52A1)"
transform="translate(-11 -15)">
<use fill="#00549e" stroke="none" xlink:href="#clxfa"></use>
</g>
</g>
</svg>
</i>
<div class="ddl_link_inline address shoponline"
style="display: inline-block; vertical-align: middle;">
<span class="link">
<span class="label_wrapper">
<span class="label">
Kúpiť teraz                                                    </span>
</span>
</span>
</div>
</a>
<div class="promo-countdown">

<i class="icon -lessThan48">
<svg xmlns="http://www.w3.org/2000/svg"
xmlns:xlink="http://www.w3.org/1999/xlink" width="22"
height="22" viewBox="0 0 22 22">
<defs>
<path id="ywjka"
d="M216.5 21a9.5 9.5 0 1 1-19 0 9.5 9.5 0 0 1 19 0z"/>
<path id="ywjkb" d="M207 14.5v7h-5"/>
</defs>
<g>
<g transform="translate(-196 -10)">
<use fill="#fff" fill-opacity="0" stroke="#fff"
stroke-miterlimit="50"
stroke-width="1.2" xlink:href="#ywjka"/>
</g>
<g transform="translate(-196 -10)">
<use fill="#fff" fill-opacity="0" stroke="#fff"
stroke-miterlimit="50"
stroke-width="1.2" xlink:href="#ywjkb"/>
</g>
</g>
</svg>
</i>

<i class="icon normal">
<svg xmlns="http://www.w3.org/2000/svg"
xmlns:xlink="http://www.w3.org/1999/xlink" width="22"
height="22" viewBox="0 0 22 22">
<defs>
<path id="ywjka"
d="M216.5 21a9.5 9.5 0 1 1-19 0 9.5 9.5 0 0 1 19 0z"/>
<path id="ywjkb" d="M207 14.5v7h-5"/>
</defs>
<g>
<g transform="translate(-196 -10)">
<use fill="#00539F" fill-opacity="0" stroke="#00539F"
stroke-miterlimit="50"
stroke-width="1.2" xlink:href="#ywjka"/>
</g>
<g transform="translate(-196 -10)">
<use fill="#00539F" fill-opacity="0" stroke="#00539F"
stroke-miterlimit="50"
stroke-width="1.2" xlink:href="#ywjkb"/>
</g>
</g>
</svg>
</i>

<div class="promo-countdown-wrapper">
<p>Zľava končí</p>
<b data-countdown="2023/01/04 0:00:00"
data-count-down-dur-locale="&quot;{\&quot;S\&quot;:\&quot;m\&quot;,\&quot;SS\&quot;:\&quot;m\&quot;,\&quot;s\&quot;:\&quot;d\&quot;,\&quot;ss\&quot;:\&quot;s\&quot;,\&quot;m\&quot;:\&quot;m\&quot;,\&quot;mm\&quot;:\&quot;m\&quot;,\&quot;h\&quot;:\&quot;h\&quot;,\&quot;hh\&quot;:\&quot;h\&quot;,\&quot;d\&quot;:\&quot;d\&quot;,\&quot;dd\&quot;:\&quot;d\&quot;,\&quot;w\&quot;:\&quot;t\&quot;,\&quot;ww\&quot;:\&quot;t\&quot;,\&quot;M\&quot;:\&quot;m\&quot;,\&quot;MM\&quot;:\&quot;m\&quot;,\&quot;y\&quot;:\&quot;r\&quot;,\&quot;yy\&quot;:\&quot;l\&quot;}&quot;"></b>
</div>
</div>
</div>
<a href="/akciove-ponuky/akciove-produkty/produkt/napoje/liehoviny-a-likery/topolcianky-destilat-44/"
class="details-box" tabindex="0">
<div class="product__inner cc-tier2-higher-than-10-prod-blue-border">

<div class="product__info-wrapper">
<span class="product__name">Topoľčianky destilát 44%</span>
<div class="product__secondary-text">
<div>
Tramín červený, 
0,5 l                            </div>
<span>Pôvodná cena:</span>
<span class="product__price-text">24,99
(1 l=49,98 €)                </span>
<div class="product__price-cc-text">
<span>s Clubcard:</span>
</div>
<span class="product__price-cc-text">18,99</span>
(1 l=37,98 €)        </div>
<div class="product__discount-percentage">
<div class="product__discount-normal-price">
24,99
</div>
<div class="discount-percentage__text">
<span>
-24
<span class="discount__percentage-sign">%</span>
</span>
</div>
</div>
<div class="product__price-wrapper-outer-box">
<div class="product__price-wrapper">
<div class="product__price ">
<span class="price__left-part">
18,99
</span>
</div>
<div class="product__cc-price-text">
Clubcard ceny
</div>
</div>
</div>
</div>
<div class="product__img-wrapper">
<div class="product__img-holder">
<img data-src="/img/opt/tescoce_sk/products/2022-12-14/png/topolcianky-destilat-2002020162345-1-5k.png" src="/img/lq/tescoce_sk/products/2022-12-14/png/topolcianky-destilat-2002020162345-1-5k.png" alt="Topoľčianky destilát 44%"//><noscript><img src="/img/opt/tescoce_sk/products/2022-12-14/png/topolcianky-destilat-2002020162345-1-5k.png" alt="Topoľčianky destilát 44%"//></noscript>
</div>
<img
class="country-flag"
src="/img/npc/flags/slovak.svg"
alt="szlovák zászló"
/>
</div>
</div>                                                            </a>
<div class="shopping-list-parts">
<div class="add-button">
<i class="icon">
<svg viewBox="0 0 24 24" width="100%" height="100%">
<line x1="3" y1="12" x2="21" y2="12"></line>
<line x1="12" y1="3" x2="12" y2="21"></line>
</svg>
</i>
<div class="add-text ddl_link_inline address addtoshoppinglist">
<div>
<span class="label_wrapper">
<span class="label">Pridať do zoznamu</span>
</span>
</div>
</div>
<span class="added-text">Pridané do <a
href="/akciove-ponuky/nakupny-zoznam/"
title="zoznamu"
target="_blank">zoznamu</a></span>
</div>
<div class="add-item">
<div class="add-item__inner">
<div class="newddl-text-field newddl-quantity qty_div">
<div class="newddl-button blue icon-bg standalone search-icon no-float less-button disabled">
<i class="icon">
<svg viewBox="0 0 24 8" width="100%" height="100%">
<line x1="3" y1="4" x2="21" y2="4"></line>
</svg>
</i>
</div>
<input type="text" class="newddl-quantity-input qty" value="1" min="1"
tabindex="0">
<div class="newddl-button blue icon-bg standalone search-icon no-float more-button">
<i class="icon">
<svg viewBox="0 0 24 24" width="100%" height="100%">
<line x1="3" y1="12" x2="21" y2="12"></line>
<line x1="12" y1="3" x2="12" y2="21"></line>
</svg>
</i>
</div>
</div>
<div class="newddl-button blue secondary no-float no-icon min-width accept-button add_to_basket"
onclick="addToBasket(this)"
data-template="/akciove-ponuky/nakupny-zoznam"
data-prod_id="1211562">
<span class="link-label">
Pridať do zoznamu                                              </span>
</div>
<div class="cancel-link"><a href="#cancel"
title="Zrušiť"
tabindex="0">Zrušiť</a>
</div>
</div>
</div>
<div class="added-item" style="">
<p class="t2 nddl">Pridané do <a
href="/akciove-ponuky/nakupny-zoznam/"
title="zoznamu"
target="_blank"
tabindex="0">zoznamu</a>
</p>
<a href="/akciove-ponuky/nakupny-zoznam/"
class="newddl-button blue secondary no-float no-icon min-width edit-button"
title="Upraviť zoznam" target="_blank"
tabindex="0">
<span class="link-label">Upraviť zoznam</span>
</a>
</div>
</div>
</div>

</div>
<div class="a-productListing__productsGrid__element">
<div class="ddl-product-lol  xEqHeights soon-expire"
title="Tullamore Dew 40% (2)">
<div class="status-bar cf">
<div class="hovershowtooltip">
<div class="inner">
Ponuka je platná do 31.12.2022.
</div>
<div class="arrow-container">
<div class="arrow-down"></div>
<div class="arrow-down-fg"></div>
</div>
</div>
<a href="https://potravinydomov.itesco.sk/groceries/sk-SK/products/2002014710003"
class="newddl-button left transparent ghs-link"
tabindex="0" target="_blank">
<i class="icon">
<svg xmlns="http://www.w3.org/2000/svg"
xmlns:xlink="http://www.w3.org/1999/xlink"
style="width: 20px !important" height="13" viewBox="0 0 23 13">
<defs>
<path id="clxfa"
d="M33.33 21.44c.44.1.67.38.67.8v3.1c0 .47-.38.84-.84.84h-.9a2.2 2.2 0 0 1-2.18 1.8 2.2 2.2 0 0 1-2.17-1.8h-7.9a2.22 2.22 0 0 1-2.2 1.82c-1.1 0-2-.79-2.19-1.82h-1.66c-.97 0-1.15-.92-1.25-1.41l-1.04-4.25-.41-.27a.3.3 0 0 1-.14-.23L11 18.73c0-.84.66-1.5 1.48-1.5h2.3l-.14.15a.46.46 0 0 0 0 .66.47.47 0 0 0 .66 0l.8-.8h.01l2.11-2.1c.14-.14.41-.19.58-.09.15.09.24.24.24.4 0 .13-.05.24-.14.33l-1.47 1.46h4.39l-1.47-1.46a.46.46 0 0 1 .1-.73c.17-.1.43-.05.57.1L24 18.08c.08.06.18.1.28.1.17 0 .32-.09.4-.24.1-.17.05-.43-.09-.57l-.14-.14h2.31c.77 0 1.39.57 1.47 1.3h1.75c.22 0 .8 0 1.03.71l.8 1.94zM28.7 25.8c0 .75.62 1.36 1.37 1.36.86 0 1.54-.77 1.35-1.65-.1-.52-.53-.93-1.05-1.04a1.38 1.38 0 0 0-1.67 1.33zm-2.17-1c-.05.23-.12.44-.22.63h1.6a2.2 2.2 0 0 1 2.16-1.81c1.09 0 2 .76 2.18 1.8h.9c.04 0 .07-.03.07-.06v-3.11-.04l-.06-.01-1.7-.28a.39.39 0 0 1-.3-.23l-.9-2.2c-.05-.16-.08-.17-.29-.17h-1.77-.02l-.06.71a.3.3 0 0 1-.14.23l-.41.27zm-8.25-4.07a.42.42 0 0 0-.42.43l.29 2.69a.42.42 0 1 0 .83-.02l-.28-2.69a.42.42 0 0 0-.42-.4zm-3 3.15c.02.21.2.38.41.38h.04a.42.42 0 0 0 .38-.46l-.43-2.69a.41.41 0 0 0-.45-.38.42.42 0 0 0-.38.46zm2.53 3.27c.61 0 1.13-.4 1.3-.96h-2.6c.16.56.68.96 1.3.96zm4.11-6a.42.42 0 0 0-.41-.42.41.41 0 0 0-.42.4l-.28 2.72c0 .22.18.4.41.4.23 0 .42-.18.42-.39zm2.17 3.1c.22 0 .4-.16.42-.36l.43-2.71a.41.41 0 0 0-.38-.45.42.42 0 0 0-.45.37l-.43 2.71c-.01.11.02.22.1.3.07.09.17.14.28.15z"></path>
</defs>
<g>
<g clip-path="url(#clip-72B53A8F-48D2-421E-9EC9-9A8CE7DC52A1)"
transform="translate(-11 -15)">
<use fill="#00549e" stroke="none" xlink:href="#clxfa"></use>
</g>
</g>
</svg>
</i>
<div class="ddl_link_inline address shoponline"
style="display: inline-block; vertical-align: middle;">
<span class="link">
<span class="label_wrapper">
<span class="label">
Kúpiť teraz                                                    </span>
</span>
</span>
</div>
</a>
<div class="promo-countdown -lessThan48">

<i class="icon -lessThan48">
<svg xmlns="http://www.w3.org/2000/svg"
xmlns:xlink="http://www.w3.org/1999/xlink" width="22"
height="22" viewBox="0 0 22 22">
<defs>
<path id="ywjka"
d="M216.5 21a9.5 9.5 0 1 1-19 0 9.5 9.5 0 0 1 19 0z"/>
<path id="ywjkb" d="M207 14.5v7h-5"/>
</defs>
<g>
<g transform="translate(-196 -10)">
<use fill="#fff" fill-opacity="0" stroke="#fff"
stroke-miterlimit="50"
stroke-width="1.2" xlink:href="#ywjka"/>
</g>
<g transform="translate(-196 -10)">
<use fill="#fff" fill-opacity="0" stroke="#fff"
stroke-miterlimit="50"
stroke-width="1.2" xlink:href="#ywjkb"/>
</g>
</g>
</svg>
</i>

<i class="icon normal">
<svg xmlns="http://www.w3.org/2000/svg"
xmlns:xlink="http://www.w3.org/1999/xlink" width="22"
height="22" viewBox="0 0 22 22">
<defs>
<path id="ywjka"
d="M216.5 21a9.5 9.5 0 1 1-19 0 9.5 9.5 0 0 1 19 0z"/>
<path id="ywjkb" d="M207 14.5v7h-5"/>
</defs>
<g>
<g transform="translate(-196 -10)">
<use fill="#00539F" fill-opacity="0" stroke="#00539F"
stroke-miterlimit="50"
stroke-width="1.2" xlink:href="#ywjka"/>
</g>
<g transform="translate(-196 -10)">
<use fill="#00539F" fill-opacity="0" stroke="#00539F"
stroke-miterlimit="50"
stroke-width="1.2" xlink:href="#ywjkb"/>
</g>
</g>
</svg>
</i>

<div class="promo-countdown-wrapper">
<p>Zľava končí</p>
<b data-countdown="2023/01/01 0:00:00"
data-count-down-dur-locale="&quot;{\&quot;S\&quot;:\&quot;m\&quot;,\&quot;SS\&quot;:\&quot;m\&quot;,\&quot;s\&quot;:\&quot;d\&quot;,\&quot;ss\&quot;:\&quot;s\&quot;,\&quot;m\&quot;:\&quot;m\&quot;,\&quot;mm\&quot;:\&quot;m\&quot;,\&quot;h\&quot;:\&quot;h\&quot;,\&quot;hh\&quot;:\&quot;h\&quot;,\&quot;d\&quot;:\&quot;d\&quot;,\&quot;dd\&quot;:\&quot;d\&quot;,\&quot;w\&quot;:\&quot;t\&quot;,\&quot;ww\&quot;:\&quot;t\&quot;,\&quot;M\&quot;:\&quot;m\&quot;,\&quot;MM\&quot;:\&quot;m\&quot;,\&quot;y\&quot;:\&quot;r\&quot;,\&quot;yy\&quot;:\&quot;l\&quot;}&quot;"></b>
</div>
</div>
</div>
<a href="/akciove-ponuky/akciove-produkty/produkt/napoje/liehoviny-a-likery/tullamore-dew-40-2/"
class="details-box" tabindex="0">
<div class="product__inner cc-tier2-higher-than-10-prod-blue-border">

<div class="product__info-wrapper">
<span class="product__name">Tullamore Dew 40% (2)</span>
<div class="product__secondary-text">
<div>
0,7 l + 2 poháre                            </div>
<span>Pôvodná cena:</span>
<span class="product__price-text">22,99
(1 l=32,84 €)                </span>
<div class="product__price-cc-text">
<span>s Clubcard:</span>
</div>
<span class="product__price-cc-text">18,39</span>
(1 l=26,27 €)        </div>
<div class="product__discount-percentage">
<div class="product__discount-normal-price">
22,99
</div>
<div class="discount-percentage__text">
<span>
-20
<span class="discount__percentage-sign">%</span>
</span>
</div>
</div>
<div class="product__price-wrapper-outer-box">
<div class="product__price-wrapper">
<div class="product__price ">
<span class="price__left-part">
18,39
</span>
</div>
<div class="product__cc-price-text">
Clubcard ceny
</div>
</div>
</div>
</div>
<div class="product__img-wrapper">
<div class="product__img-holder">
<img data-src="/img/opt/tescoce_sk/products/2022-11-30/png/tullamore-dew-40-2002014710003-1-5k.png" src="/img/lq/tescoce_sk/products/2022-11-30/png/tullamore-dew-40-2002014710003-1-5k.png" alt="Tullamore Dew 40% (2)"//><noscript><img src="/img/opt/tescoce_sk/products/2022-11-30/png/tullamore-dew-40-2002014710003-1-5k.png" alt="Tullamore Dew 40% (2)"//></noscript>
</div>
<img
class="country-flag"
src=""
alt=""
/>
</div>
</div>                                                            </a>
<div class="shopping-list-parts">
<div class="add-button">
<i class="icon">
<svg viewBox="0 0 24 24" width="100%" height="100%">
<line x1="3" y1="12" x2="21" y2="12"></line>
<line x1="12" y1="3" x2="12" y2="21"></line>
</svg>
</i>
<div class="add-text ddl_link_inline address addtoshoppinglist">
<div>
<span class="label_wrapper">
<span class="label">Pridať do zoznamu</span>
</span>
</div>
</div>
<span class="added-text">Pridané do <a
href="/akciove-ponuky/nakupny-zoznam/"
title="zoznamu"
target="_blank">zoznamu</a></span>
</div>
<div class="add-item">
<div class="add-item__inner">
<div class="newddl-text-field newddl-quantity qty_div">
<div class="newddl-button blue icon-bg standalone search-icon no-float less-button disabled">
<i class="icon">
<svg viewBox="0 0 24 8" width="100%" height="100%">
<line x1="3" y1="4" x2="21" y2="4"></line>
</svg>
</i>
</div>
<input type="text" class="newddl-quantity-input qty" value="1" min="1"
tabindex="0">
<div class="newddl-button blue icon-bg standalone search-icon no-float more-button">
<i class="icon">
<svg viewBox="0 0 24 24" width="100%" height="100%">
<line x1="3" y1="12" x2="21" y2="12"></line>
<line x1="12" y1="3" x2="12" y2="21"></line>
</svg>
</i>
</div>
</div>
<div class="newddl-button blue secondary no-float no-icon min-width accept-button add_to_basket"
onclick="addToBasket(this)"
data-template="/akciove-ponuky/nakupny-zoznam"
data-prod_id="1197832">
<span class="link-label">
Pridať do zoznamu                                              </span>
</div>
<div class="cancel-link"><a href="#cancel"
title="Zrušiť"
tabindex="0">Zrušiť</a>
</div>
</div>
</div>
<div class="added-item" style="">
<p class="t2 nddl">Pridané do <a
href="/akciove-ponuky/nakupny-zoznam/"
title="zoznamu"
target="_blank"
tabindex="0">zoznamu</a>
</p>
<a href="/akciove-ponuky/nakupny-zoznam/"
class="newddl-button blue secondary no-float no-icon min-width edit-button"
title="Upraviť zoznam" target="_blank"
tabindex="0">
<span class="link-label">Upraviť zoznam</span>
</a>
</div>
</div>
</div>

</div>
<div class="a-productListing__productsGrid__element">
<div class="ddl-product-lol  xEqHeights soon-expire"
title="Tullamore Dew Bar 40%">
<div class="status-bar cf">
<div class="promo-countdown">

<i class="icon -lessThan48">
<svg xmlns="http://www.w3.org/2000/svg"
xmlns:xlink="http://www.w3.org/1999/xlink" width="22"
height="22" viewBox="0 0 22 22">
<defs>
<path id="ywjka"
d="M216.5 21a9.5 9.5 0 1 1-19 0 9.5 9.5 0 0 1 19 0z"/>
<path id="ywjkb" d="M207 14.5v7h-5"/>
</defs>
<g>
<g transform="translate(-196 -10)">
<use fill="#fff" fill-opacity="0" stroke="#fff"
stroke-miterlimit="50"
stroke-width="1.2" xlink:href="#ywjka"/>
</g>
<g transform="translate(-196 -10)">
<use fill="#fff" fill-opacity="0" stroke="#fff"
stroke-miterlimit="50"
stroke-width="1.2" xlink:href="#ywjkb"/>
</g>
</g>
</svg>
</i>

<i class="icon normal">
<svg xmlns="http://www.w3.org/2000/svg"
xmlns:xlink="http://www.w3.org/1999/xlink" width="22"
height="22" viewBox="0 0 22 22">
<defs>
<path id="ywjka"
d="M216.5 21a9.5 9.5 0 1 1-19 0 9.5 9.5 0 0 1 19 0z"/>
<path id="ywjkb" d="M207 14.5v7h-5"/>
</defs>
<g>
<g transform="translate(-196 -10)">
<use fill="#00539F" fill-opacity="0" stroke="#00539F"
stroke-miterlimit="50"
stroke-width="1.2" xlink:href="#ywjka"/>
</g>
<g transform="translate(-196 -10)">
<use fill="#00539F" fill-opacity="0" stroke="#00539F"
stroke-miterlimit="50"
stroke-width="1.2" xlink:href="#ywjkb"/>
</g>
</g>
</svg>
</i>

<div class="promo-countdown-wrapper">
<p>Zľava končí</p>
<b data-countdown="2023/01/04 0:00:00"
data-count-down-dur-locale="&quot;{\&quot;S\&quot;:\&quot;m\&quot;,\&quot;SS\&quot;:\&quot;m\&quot;,\&quot;s\&quot;:\&quot;d\&quot;,\&quot;ss\&quot;:\&quot;s\&quot;,\&quot;m\&quot;:\&quot;m\&quot;,\&quot;mm\&quot;:\&quot;m\&quot;,\&quot;h\&quot;:\&quot;h\&quot;,\&quot;hh\&quot;:\&quot;h\&quot;,\&quot;d\&quot;:\&quot;d\&quot;,\&quot;dd\&quot;:\&quot;d\&quot;,\&quot;w\&quot;:\&quot;t\&quot;,\&quot;ww\&quot;:\&quot;t\&quot;,\&quot;M\&quot;:\&quot;m\&quot;,\&quot;MM\&quot;:\&quot;m\&quot;,\&quot;y\&quot;:\&quot;r\&quot;,\&quot;yy\&quot;:\&quot;l\&quot;}&quot;"></b>
</div>
</div>
</div>
<a href="/akciove-ponuky/akciove-produkty/produkt/napoje/liehoviny-a-likery/tullamore-dew-bar-40/"
class="details-box" tabindex="0">
<div class="product__inner cc-tier2-higher-than-10-prod-blue-border">

<div class="product__info-wrapper">
<span class="product__name">Tullamore Dew Bar 40%</span>
<div class="product__secondary-text">
<div>
0,7 l                            </div>
<span>Pôvodná cena:</span>
<span class="product__price-text">17,99
(1 l=25,70 €)                </span>
<div class="product__price-cc-text">
<span>s Clubcard:</span>
</div>
<span class="product__price-cc-text">13,99</span>
(1 l=19,99 €)        </div>
<div class="product__discount-percentage">
<div class="product__discount-normal-price">
17,99
</div>
<div class="discount-percentage__text">
<span>
-22
<span class="discount__percentage-sign">%</span>
</span>
</div>
</div>
<div class="product__price-wrapper-outer-box">
<div class="product__price-wrapper">
<div class="product__price ">
<span class="price__left-part">
13,99
</span>
</div>
<div class="product__cc-price-text">
Clubcard ceny
</div>
</div>
</div>
</div>
<div class="product__img-wrapper">
<div class="product__img-holder">
<img data-src="/img/opt/tescoce_sk/products/2022-12-14/png/tullamore-dew-bar-2002020341632-1-5k.png" src="/img/lq/tescoce_sk/products/2022-12-14/png/tullamore-dew-bar-2002020341632-1-5k.png" alt="Tullamore Dew Bar 40%"//><noscript><img src="/img/opt/tescoce_sk/products/2022-12-14/png/tullamore-dew-bar-2002020341632-1-5k.png" alt="Tullamore Dew Bar 40%"//></noscript>
</div>
<img
class="country-flag"
src=""
alt=""
/>
</div>
</div>                                                            </a>
<div class="shopping-list-parts">
<div class="add-button">
<i class="icon">
<svg viewBox="0 0 24 24" width="100%" height="100%">
<line x1="3" y1="12" x2="21" y2="12"></line>
<line x1="12" y1="3" x2="12" y2="21"></line>
</svg>
</i>
<div class="add-text ddl_link_inline address addtoshoppinglist">
<div>
<span class="label_wrapper">
<span class="label">Pridať do zoznamu</span>
</span>
</div>
</div>
<span class="added-text">Pridané do <a
href="/akciove-ponuky/nakupny-zoznam/"
title="zoznamu"
target="_blank">zoznamu</a></span>
</div>
<div class="add-item">
<div class="add-item__inner">
<div class="newddl-text-field newddl-quantity qty_div">
<div class="newddl-button blue icon-bg standalone search-icon no-float less-button disabled">
<i class="icon">
<svg viewBox="0 0 24 8" width="100%" height="100%">
<line x1="3" y1="4" x2="21" y2="4"></line>
</svg>
</i>
</div>
<input type="text" class="newddl-quantity-input qty" value="1" min="1"
tabindex="0">
<div class="newddl-button blue icon-bg standalone search-icon no-float more-button">
<i class="icon">
<svg viewBox="0 0 24 24" width="100%" height="100%">
<line x1="3" y1="12" x2="21" y2="12"></line>
<line x1="12" y1="3" x2="12" y2="21"></line>
</svg>
</i>
</div>
</div>
<div class="newddl-button blue secondary no-float no-icon min-width accept-button add_to_basket"
onclick="addToBasket(this)"
data-template="/akciove-ponuky/nakupny-zoznam"
data-prod_id="1211432">
<span class="link-label">
Pridať do zoznamu                                              </span>
</div>
<div class="cancel-link"><a href="#cancel"
title="Zrušiť"
tabindex="0">Zrušiť</a>
</div>
</div>
</div>
<div class="added-item" style="">
<p class="t2 nddl">Pridané do <a
href="/akciove-ponuky/nakupny-zoznam/"
title="zoznamu"
target="_blank"
tabindex="0">zoznamu</a>
</p>
<a href="/akciove-ponuky/nakupny-zoznam/"
class="newddl-button blue secondary no-float no-icon min-width edit-button"
title="Upraviť zoznam" target="_blank"
tabindex="0">
<span class="link-label">Upraviť zoznam</span>
</a>
</div>
</div>
</div>

</div>
<div class="a-productListing__productsGrid__element">
<div class="ddl-product-lol  xEqHeights soon-expire"
title="Unicum 40 %">
<div class="status-bar cf">
<div class="promo-countdown">

<i class="icon -lessThan48">
<svg xmlns="http://www.w3.org/2000/svg"
xmlns:xlink="http://www.w3.org/1999/xlink" width="22"
height="22" viewBox="0 0 22 22">
<defs>
<path id="ywjka"
d="M216.5 21a9.5 9.5 0 1 1-19 0 9.5 9.5 0 0 1 19 0z"/>
<path id="ywjkb" d="M207 14.5v7h-5"/>
</defs>
<g>
<g transform="translate(-196 -10)">
<use fill="#fff" fill-opacity="0" stroke="#fff"
stroke-miterlimit="50"
stroke-width="1.2" xlink:href="#ywjka"/>
</g>
<g transform="translate(-196 -10)">
<use fill="#fff" fill-opacity="0" stroke="#fff"
stroke-miterlimit="50"
stroke-width="1.2" xlink:href="#ywjkb"/>
</g>
</g>
</svg>
</i>

<i class="icon normal">
<svg xmlns="http://www.w3.org/2000/svg"
xmlns:xlink="http://www.w3.org/1999/xlink" width="22"
height="22" viewBox="0 0 22 22">
<defs>
<path id="ywjka"
d="M216.5 21a9.5 9.5 0 1 1-19 0 9.5 9.5 0 0 1 19 0z"/>
<path id="ywjkb" d="M207 14.5v7h-5"/>
</defs>
<g>
<g transform="translate(-196 -10)">
<use fill="#00539F" fill-opacity="0" stroke="#00539F"
stroke-miterlimit="50"
stroke-width="1.2" xlink:href="#ywjka"/>
</g>
<g transform="translate(-196 -10)">
<use fill="#00539F" fill-opacity="0" stroke="#00539F"
stroke-miterlimit="50"
stroke-width="1.2" xlink:href="#ywjkb"/>
</g>
</g>
</svg>
</i>

<div class="promo-countdown-wrapper">
<p>Zľava končí</p>
<b data-countdown="2023/01/04 0:00:00"
data-count-down-dur-locale="&quot;{\&quot;S\&quot;:\&quot;m\&quot;,\&quot;SS\&quot;:\&quot;m\&quot;,\&quot;s\&quot;:\&quot;d\&quot;,\&quot;ss\&quot;:\&quot;s\&quot;,\&quot;m\&quot;:\&quot;m\&quot;,\&quot;mm\&quot;:\&quot;m\&quot;,\&quot;h\&quot;:\&quot;h\&quot;,\&quot;hh\&quot;:\&quot;h\&quot;,\&quot;d\&quot;:\&quot;d\&quot;,\&quot;dd\&quot;:\&quot;d\&quot;,\&quot;w\&quot;:\&quot;t\&quot;,\&quot;ww\&quot;:\&quot;t\&quot;,\&quot;M\&quot;:\&quot;m\&quot;,\&quot;MM\&quot;:\&quot;m\&quot;,\&quot;y\&quot;:\&quot;r\&quot;,\&quot;yy\&quot;:\&quot;l\&quot;}&quot;"></b>
</div>
</div>
</div>
<a href="/akciove-ponuky/akciove-produkty/produkt/napoje/liehoviny-a-likery/unicum-40-1/"
class="details-box" tabindex="0">
<div class="product__inner cc-tier2-higher-than-10-prod-blue-border">

<div class="product__info-wrapper">
<span class="product__name">Unicum 40 %</span>
<div class="product__secondary-text">
<div>
0,7 l                            </div>
<span>Pôvodná cena:</span>
<span class="product__price-text">22,99
(1 l=32,84 €)                </span>
<div class="product__price-cc-text">
<span>s Clubcard:</span>
</div>
<span class="product__price-cc-text">17,59</span>
(1 l=25,13 €)        </div>
<div class="product__discount-percentage">
<div class="product__discount-normal-price">
22,99
</div>
<div class="discount-percentage__text">
<span>
-23
<span class="discount__percentage-sign">%</span>
</span>
</div>
</div>
<div class="product__price-wrapper-outer-box">
<div class="product__price-wrapper">
<div class="product__price ">
<span class="price__left-part">
17,59
</span>
</div>
<div class="product__cc-price-text">
Clubcard ceny
</div>
</div>
</div>
</div>
<div class="product__img-wrapper">
<div class="product__img-holder">
<img data-src="/img/opt/tescoce_sk/products/2022-12-28/png/unicum-2002010518153-1-5k.png" src="/img/lq/tescoce_sk/products/2022-12-28/png/unicum-2002010518153-1-5k.png" alt="Unicum 40 %"//><noscript><img src="/img/opt/tescoce_sk/products/2022-12-28/png/unicum-2002010518153-1-5k.png" alt="Unicum 40 %"//></noscript>
</div>
<img
class="country-flag"
src=""
alt=""
/>
</div>
</div>                                                            </a>
<div class="shopping-list-parts">
<div class="add-button">
<i class="icon">
<svg viewBox="0 0 24 24" width="100%" height="100%">
<line x1="3" y1="12" x2="21" y2="12"></line>
<line x1="12" y1="3" x2="12" y2="21"></line>
</svg>
</i>
<div class="add-text ddl_link_inline address addtoshoppinglist">
<div>
<span class="label_wrapper">
<span class="label">Pridať do zoznamu</span>
</span>
</div>
</div>
<span class="added-text">Pridané do <a
href="/akciove-ponuky/nakupny-zoznam/"
title="zoznamu"
target="_blank">zoznamu</a></span>
</div>
<div class="add-item">
<div class="add-item__inner">
<div class="newddl-text-field newddl-quantity qty_div">
<div class="newddl-button blue icon-bg standalone search-icon no-float less-button disabled">
<i class="icon">
<svg viewBox="0 0 24 8" width="100%" height="100%">
<line x1="3" y1="4" x2="21" y2="4"></line>
</svg>
</i>
</div>
<input type="text" class="newddl-quantity-input qty" value="1" min="1"
tabindex="0">
<div class="newddl-button blue icon-bg standalone search-icon no-float more-button">
<i class="icon">
<svg viewBox="0 0 24 24" width="100%" height="100%">
<line x1="3" y1="12" x2="21" y2="12"></line>
<line x1="12" y1="3" x2="12" y2="21"></line>
</svg>
</i>
</div>
</div>
<div class="newddl-button blue secondary no-float no-icon min-width accept-button add_to_basket"
onclick="addToBasket(this)"
data-template="/akciove-ponuky/nakupny-zoznam"
data-prod_id="1215972">
<span class="link-label">
Pridať do zoznamu                                              </span>
</div>
<div class="cancel-link"><a href="#cancel"
title="Zrušiť"
tabindex="0">Zrušiť</a>
</div>
</div>
</div>
<div class="added-item" style="">
<p class="t2 nddl">Pridané do <a
href="/akciove-ponuky/nakupny-zoznam/"
title="zoznamu"
target="_blank"
tabindex="0">zoznamu</a>
</p>
<a href="/akciove-ponuky/nakupny-zoznam/"
class="newddl-button blue secondary no-float no-icon min-width edit-button"
title="Upraviť zoznam" target="_blank"
tabindex="0">
<span class="link-label">Upraviť zoznam</span>
</a>
</div>
</div>
</div>

</div>
<div class="a-productListing__productsGrid__element">
<div class="ddl-product-lol  xEqHeights soon-expire"
title="Unicum 40%">
<div class="status-bar cf">
<div class="promo-countdown -lessThan48">

<i class="icon -lessThan48">
<svg xmlns="http://www.w3.org/2000/svg"
xmlns:xlink="http://www.w3.org/1999/xlink" width="22"
height="22" viewBox="0 0 22 22">
<defs>
<path id="ywjka"
d="M216.5 21a9.5 9.5 0 1 1-19 0 9.5 9.5 0 0 1 19 0z"/>
<path id="ywjkb" d="M207 14.5v7h-5"/>
</defs>
<g>
<g transform="translate(-196 -10)">
<use fill="#fff" fill-opacity="0" stroke="#fff"
stroke-miterlimit="50"
stroke-width="1.2" xlink:href="#ywjka"/>
</g>
<g transform="translate(-196 -10)">
<use fill="#fff" fill-opacity="0" stroke="#fff"
stroke-miterlimit="50"
stroke-width="1.2" xlink:href="#ywjkb"/>
</g>
</g>
</svg>
</i>

<i class="icon normal">
<svg xmlns="http://www.w3.org/2000/svg"
xmlns:xlink="http://www.w3.org/1999/xlink" width="22"
height="22" viewBox="0 0 22 22">
<defs>
<path id="ywjka"
d="M216.5 21a9.5 9.5 0 1 1-19 0 9.5 9.5 0 0 1 19 0z"/>
<path id="ywjkb" d="M207 14.5v7h-5"/>
</defs>
<g>
<g transform="translate(-196 -10)">
<use fill="#00539F" fill-opacity="0" stroke="#00539F"
stroke-miterlimit="50"
stroke-width="1.2" xlink:href="#ywjka"/>
</g>
<g transform="translate(-196 -10)">
<use fill="#00539F" fill-opacity="0" stroke="#00539F"
stroke-miterlimit="50"
stroke-width="1.2" xlink:href="#ywjkb"/>
</g>
</g>
</svg>
</i>

<div class="promo-countdown-wrapper">
<p>Zľava končí</p>
<b data-countdown="2023/01/01 0:00:00"
data-count-down-dur-locale="&quot;{\&quot;S\&quot;:\&quot;m\&quot;,\&quot;SS\&quot;:\&quot;m\&quot;,\&quot;s\&quot;:\&quot;d\&quot;,\&quot;ss\&quot;:\&quot;s\&quot;,\&quot;m\&quot;:\&quot;m\&quot;,\&quot;mm\&quot;:\&quot;m\&quot;,\&quot;h\&quot;:\&quot;h\&quot;,\&quot;hh\&quot;:\&quot;h\&quot;,\&quot;d\&quot;:\&quot;d\&quot;,\&quot;dd\&quot;:\&quot;d\&quot;,\&quot;w\&quot;:\&quot;t\&quot;,\&quot;ww\&quot;:\&quot;t\&quot;,\&quot;M\&quot;:\&quot;m\&quot;,\&quot;MM\&quot;:\&quot;m\&quot;,\&quot;y\&quot;:\&quot;r\&quot;,\&quot;yy\&quot;:\&quot;l\&quot;}&quot;"></b>
</div>
</div>
</div>
<a href="/akciove-ponuky/akciove-produkty/produkt/napoje/liehoviny-a-likery/unicum-40/"
class="details-box" tabindex="0">
<div class="product__inner cc-tier2-higher-than-10-prod-blue-border">

<div class="product__info-wrapper">
<span class="product__name">Unicum 40%</span>
<div class="product__secondary-text">
<div>
0,7 l + 2 poháre                            </div>
<span>Pôvodná cena:</span>
<span class="product__price-text">24,99
(1 l=35,70 €)                </span>
<div class="product__price-cc-text">
<span>s Clubcard:</span>
</div>
<span class="product__price-cc-text">19,99</span>
(1 l=28,56 €)        </div>
<div class="product__discount-percentage">
<div class="product__discount-normal-price">
24,99
</div>
<div class="discount-percentage__text">
<span>
-20
<span class="discount__percentage-sign">%</span>
</span>
</div>
</div>
<div class="product__price-wrapper-outer-box">
<div class="product__price-wrapper">
<div class="product__price ">
<span class="price__left-part">
19,99
</span>
</div>
<div class="product__cc-price-text">
Clubcard ceny
</div>
</div>
</div>
</div>
<div class="product__img-wrapper">
<div class="product__img-holder">
<img data-src="/img/opt/tescoce_sk/products/2022-12-07/png/unicum-40-2002020339246-1-5k.png" src="/img/lq/tescoce_sk/products/2022-12-07/png/unicum-40-2002020339246-1-5k.png" alt="Unicum 40%"//><noscript><img src="/img/opt/tescoce_sk/products/2022-12-07/png/unicum-40-2002020339246-1-5k.png" alt="Unicum 40%"//></noscript>
</div>
<img
class="country-flag"
src=""
alt=""
/>
</div>
</div>                                                            </a>
<div class="shopping-list-parts">
<div class="add-button">
<i class="icon">
<svg viewBox="0 0 24 24" width="100%" height="100%">
<line x1="3" y1="12" x2="21" y2="12"></line>
<line x1="12" y1="3" x2="12" y2="21"></line>
</svg>
</i>
<div class="add-text ddl_link_inline address addtoshoppinglist">
<div>
<span class="label_wrapper">
<span class="label">Pridať do zoznamu</span>
</span>
</div>
</div>
<span class="added-text">Pridané do <a
href="/akciove-ponuky/nakupny-zoznam/"
title="zoznamu"
target="_blank">zoznamu</a></span>
</div>
<div class="add-item">
<div class="add-item__inner">
<div class="newddl-text-field newddl-quantity qty_div">
<div class="newddl-button blue icon-bg standalone search-icon no-float less-button disabled">
<i class="icon">
<svg viewBox="0 0 24 8" width="100%" height="100%">
<line x1="3" y1="4" x2="21" y2="4"></line>
</svg>
</i>
</div>
<input type="text" class="newddl-quantity-input qty" value="1" min="1"
tabindex="0">
<div class="newddl-button blue icon-bg standalone search-icon no-float more-button">
<i class="icon">
<svg viewBox="0 0 24 24" width="100%" height="100%">
<line x1="3" y1="12" x2="21" y2="12"></line>
<line x1="12" y1="3" x2="12" y2="21"></line>
</svg>
</i>
</div>
</div>
<div class="newddl-button blue secondary no-float no-icon min-width accept-button add_to_basket"
onclick="addToBasket(this)"
data-template="/akciove-ponuky/nakupny-zoznam"
data-prod_id="1205891">
<span class="link-label">
Pridať do zoznamu                                              </span>
</div>
<div class="cancel-link"><a href="#cancel"
title="Zrušiť"
tabindex="0">Zrušiť</a>
</div>
</div>
</div>
<div class="added-item" style="">
<p class="t2 nddl">Pridané do <a
href="/akciove-ponuky/nakupny-zoznam/"
title="zoznamu"
target="_blank"
tabindex="0">zoznamu</a>
</p>
<a href="/akciove-ponuky/nakupny-zoznam/"
class="newddl-button blue secondary no-float no-icon min-width edit-button"
title="Upraviť zoznam" target="_blank"
tabindex="0">
<span class="link-label">Upraviť zoznam</span>
</a>
</div>
</div>
</div>

</div>
<div class="a-productListing__productsGrid__element">
<div class="ddl-product-lol  xEqHeights soon-expire"
title="Urpiner pack">
<div class="status-bar cf">
<div class="promo-countdown -lessThan48">

<i class="icon -lessThan48">
<svg xmlns="http://www.w3.org/2000/svg"
xmlns:xlink="http://www.w3.org/1999/xlink" width="22"
height="22" viewBox="0 0 22 22">
<defs>
<path id="ywjka"
d="M216.5 21a9.5 9.5 0 1 1-19 0 9.5 9.5 0 0 1 19 0z"/>
<path id="ywjkb" d="M207 14.5v7h-5"/>
</defs>
<g>
<g transform="translate(-196 -10)">
<use fill="#fff" fill-opacity="0" stroke="#fff"
stroke-miterlimit="50"
stroke-width="1.2" xlink:href="#ywjka"/>
</g>
<g transform="translate(-196 -10)">
<use fill="#fff" fill-opacity="0" stroke="#fff"
stroke-miterlimit="50"
stroke-width="1.2" xlink:href="#ywjkb"/>
</g>
</g>
</svg>
</i>

<i class="icon normal">
<svg xmlns="http://www.w3.org/2000/svg"
xmlns:xlink="http://www.w3.org/1999/xlink" width="22"
height="22" viewBox="0 0 22 22">
<defs>
<path id="ywjka"
d="M216.5 21a9.5 9.5 0 1 1-19 0 9.5 9.5 0 0 1 19 0z"/>
<path id="ywjkb" d="M207 14.5v7h-5"/>
</defs>
<g>
<g transform="translate(-196 -10)">
<use fill="#00539F" fill-opacity="0" stroke="#00539F"
stroke-miterlimit="50"
stroke-width="1.2" xlink:href="#ywjka"/>
</g>
<g transform="translate(-196 -10)">
<use fill="#00539F" fill-opacity="0" stroke="#00539F"
stroke-miterlimit="50"
stroke-width="1.2" xlink:href="#ywjkb"/>
</g>
</g>
</svg>
</i>

<div class="promo-countdown-wrapper">
<p>Zľava končí</p>
<b data-countdown="2023/01/01 0:00:00"
data-count-down-dur-locale="&quot;{\&quot;S\&quot;:\&quot;m\&quot;,\&quot;SS\&quot;:\&quot;m\&quot;,\&quot;s\&quot;:\&quot;d\&quot;,\&quot;ss\&quot;:\&quot;s\&quot;,\&quot;m\&quot;:\&quot;m\&quot;,\&quot;mm\&quot;:\&quot;m\&quot;,\&quot;h\&quot;:\&quot;h\&quot;,\&quot;hh\&quot;:\&quot;h\&quot;,\&quot;d\&quot;:\&quot;d\&quot;,\&quot;dd\&quot;:\&quot;d\&quot;,\&quot;w\&quot;:\&quot;t\&quot;,\&quot;ww\&quot;:\&quot;t\&quot;,\&quot;M\&quot;:\&quot;m\&quot;,\&quot;MM\&quot;:\&quot;m\&quot;,\&quot;y\&quot;:\&quot;r\&quot;,\&quot;yy\&quot;:\&quot;l\&quot;}&quot;"></b>
</div>
</div>
</div>
<a href="/akciove-ponuky/akciove-produkty/produkt/napoje/piva/urpiner-pack/"
class="details-box" tabindex="0">
<div class="product__inner cc-tier2-higher-than-10-prod-blue-border">

<div class="product__info-wrapper">
<span class="product__name">Urpiner pack</span>
<div class="product__secondary-text">
<div>
8 × 0,5 l 
Záloha za vratný 
obal 1,20                            </div>
<span>Pôvodná cena:</span>
<span class="product__price-text">8,99
(1 l=2,25 €)                </span>
<div class="product__price-cc-text">
<span>s Clubcard:</span>
</div>
<span class="product__price-cc-text">7,19</span>
(1 l=1,80 €)        </div>
<div class="product__discount-percentage">
<div class="product__discount-normal-price">
8,99
</div>
<div class="discount-percentage__text">
<span>
-20
<span class="discount__percentage-sign">%</span>
</span>
</div>
</div>
<div class="product__price-wrapper-outer-box">
<div class="product__price-wrapper">
<div class="product__price ">
<span class="price__left-part">
7,19
</span>
</div>
<div class="product__cc-price-text">
Clubcard ceny
</div>
</div>
</div>
</div>
<div class="product__img-wrapper">
<div class="product__img-holder">
<img data-src="/img/opt/tescoce_sk/products/2022-11-16/png/urpiner-pack-2002121565869-1-5k.png" src="/img/lq/tescoce_sk/products/2022-11-16/png/urpiner-pack-2002121565869-1-5k.png" alt="Urpiner pack"//><noscript><img src="/img/opt/tescoce_sk/products/2022-11-16/png/urpiner-pack-2002121565869-1-5k.png" alt="Urpiner pack"//></noscript>
</div>
<img
class="country-flag"
src=""
alt=""
/>
</div>
</div>                                                            </a>
<div class="shopping-list-parts">
<div class="add-button">
<i class="icon">
<svg viewBox="0 0 24 24" width="100%" height="100%">
<line x1="3" y1="12" x2="21" y2="12"></line>
<line x1="12" y1="3" x2="12" y2="21"></line>
</svg>
</i>
<div class="add-text ddl_link_inline address addtoshoppinglist">
<div>
<span class="label_wrapper">
<span class="label">Pridať do zoznamu</span>
</span>
</div>
</div>
<span class="added-text">Pridané do <a
href="/akciove-ponuky/nakupny-zoznam/"
title="zoznamu"
target="_blank">zoznamu</a></span>
</div>
<div class="add-item">
<div class="add-item__inner">
<div class="newddl-text-field newddl-quantity qty_div">
<div class="newddl-button blue icon-bg standalone search-icon no-float less-button disabled">
<i class="icon">
<svg viewBox="0 0 24 8" width="100%" height="100%">
<line x1="3" y1="4" x2="21" y2="4"></line>
</svg>
</i>
</div>
<input type="text" class="newddl-quantity-input qty" value="1" min="1"
tabindex="0">
<div class="newddl-button blue icon-bg standalone search-icon no-float more-button">
<i class="icon">
<svg viewBox="0 0 24 24" width="100%" height="100%">
<line x1="3" y1="12" x2="21" y2="12"></line>
<line x1="12" y1="3" x2="12" y2="21"></line>
</svg>
</i>
</div>
</div>
<div class="newddl-button blue secondary no-float no-icon min-width accept-button add_to_basket"
onclick="addToBasket(this)"
data-template="/akciove-ponuky/nakupny-zoznam"
data-prod_id="1189932">
<span class="link-label">
Pridať do zoznamu                                              </span>
</div>
<div class="cancel-link"><a href="#cancel"
title="Zrušiť"
tabindex="0">Zrušiť</a>
</div>
</div>
</div>
<div class="added-item" style="">
<p class="t2 nddl">Pridané do <a
href="/akciove-ponuky/nakupny-zoznam/"
title="zoznamu"
target="_blank"
tabindex="0">zoznamu</a>
</p>
<a href="/akciove-ponuky/nakupny-zoznam/"
class="newddl-button blue secondary no-float no-icon min-width edit-button"
title="Upraviť zoznam" target="_blank"
tabindex="0">
<span class="link-label">Upraviť zoznam</span>
</a>
</div>
</div>
</div>

</div>
<div class="a-productListing__productsGrid__element">
<div class="ddl-product-lol  xEqHeights soon-expire"
title="Vilmos 37,5%">
<div class="status-bar cf">
<div class="promo-countdown -lessThan48">

<i class="icon -lessThan48">
<svg xmlns="http://www.w3.org/2000/svg"
xmlns:xlink="http://www.w3.org/1999/xlink" width="22"
height="22" viewBox="0 0 22 22">
<defs>
<path id="ywjka"
d="M216.5 21a9.5 9.5 0 1 1-19 0 9.5 9.5 0 0 1 19 0z"/>
<path id="ywjkb" d="M207 14.5v7h-5"/>
</defs>
<g>
<g transform="translate(-196 -10)">
<use fill="#fff" fill-opacity="0" stroke="#fff"
stroke-miterlimit="50"
stroke-width="1.2" xlink:href="#ywjka"/>
</g>
<g transform="translate(-196 -10)">
<use fill="#fff" fill-opacity="0" stroke="#fff"
stroke-miterlimit="50"
stroke-width="1.2" xlink:href="#ywjkb"/>
</g>
</g>
</svg>
</i>

<i class="icon normal">
<svg xmlns="http://www.w3.org/2000/svg"
xmlns:xlink="http://www.w3.org/1999/xlink" width="22"
height="22" viewBox="0 0 22 22">
<defs>
<path id="ywjka"
d="M216.5 21a9.5 9.5 0 1 1-19 0 9.5 9.5 0 0 1 19 0z"/>
<path id="ywjkb" d="M207 14.5v7h-5"/>
</defs>
<g>
<g transform="translate(-196 -10)">
<use fill="#00539F" fill-opacity="0" stroke="#00539F"
stroke-miterlimit="50"
stroke-width="1.2" xlink:href="#ywjka"/>
</g>
<g transform="translate(-196 -10)">
<use fill="#00539F" fill-opacity="0" stroke="#00539F"
stroke-miterlimit="50"
stroke-width="1.2" xlink:href="#ywjkb"/>
</g>
</g>
</svg>
</i>

<div class="promo-countdown-wrapper">
<p>Zľava končí</p>
<b data-countdown="2023/01/01 0:00:00"
data-count-down-dur-locale="&quot;{\&quot;S\&quot;:\&quot;m\&quot;,\&quot;SS\&quot;:\&quot;m\&quot;,\&quot;s\&quot;:\&quot;d\&quot;,\&quot;ss\&quot;:\&quot;s\&quot;,\&quot;m\&quot;:\&quot;m\&quot;,\&quot;mm\&quot;:\&quot;m\&quot;,\&quot;h\&quot;:\&quot;h\&quot;,\&quot;hh\&quot;:\&quot;h\&quot;,\&quot;d\&quot;:\&quot;d\&quot;,\&quot;dd\&quot;:\&quot;d\&quot;,\&quot;w\&quot;:\&quot;t\&quot;,\&quot;ww\&quot;:\&quot;t\&quot;,\&quot;M\&quot;:\&quot;m\&quot;,\&quot;MM\&quot;:\&quot;m\&quot;,\&quot;y\&quot;:\&quot;r\&quot;,\&quot;yy\&quot;:\&quot;l\&quot;}&quot;"></b>
</div>
</div>
</div>
<a href="/akciove-ponuky/akciove-produkty/produkt/napoje/liehoviny-a-likery/vilmos-37-5/"
class="details-box" tabindex="0">
<div class="product__inner cc-tier2-higher-than-10-prod-blue-border">

<div class="product__info-wrapper">
<span class="product__name">Vilmos 37,5%</span>
<div class="product__secondary-text">
<div>
0,7 l + 2 poháre                            </div>
<span>Pôvodná cena:</span>
<span class="product__price-text">19,89
(1 l=28,41 €)                </span>
<div class="product__price-cc-text">
<span>s Clubcard:</span>
</div>
<span class="product__price-cc-text">15,91</span>
(1 l=22,73 €)        </div>
<div class="product__discount-percentage">
<div class="product__discount-normal-price">
19,89
</div>
<div class="discount-percentage__text">
<span>
-20
<span class="discount__percentage-sign">%</span>
</span>
</div>
</div>
<div class="product__price-wrapper-outer-box">
<div class="product__price-wrapper">
<div class="product__price ">
<span class="price__left-part">
15,91
</span>
</div>
<div class="product__cc-price-text">
Clubcard ceny
</div>
</div>
</div>
</div>
<div class="product__img-wrapper">
<div class="product__img-holder">
<img data-src="/img/opt/tescoce_sk/products/2022-12-07/png/vilmos-37-5-2002020303466-1-5k.png" src="/img/lq/tescoce_sk/products/2022-12-07/png/vilmos-37-5-2002020303466-1-5k.png" alt="Vilmos 37,5%"//><noscript><img src="/img/opt/tescoce_sk/products/2022-12-07/png/vilmos-37-5-2002020303466-1-5k.png" alt="Vilmos 37,5%"//></noscript>
</div>
<img
class="country-flag"
src=""
alt=""
/>
</div>
</div>                                                            </a>
<div class="shopping-list-parts">
<div class="add-button">
<i class="icon">
<svg viewBox="0 0 24 24" width="100%" height="100%">
<line x1="3" y1="12" x2="21" y2="12"></line>
<line x1="12" y1="3" x2="12" y2="21"></line>
</svg>
</i>
<div class="add-text ddl_link_inline address addtoshoppinglist">
<div>
<span class="label_wrapper">
<span class="label">Pridať do zoznamu</span>
</span>
</div>
</div>
<span class="added-text">Pridané do <a
href="/akciove-ponuky/nakupny-zoznam/"
title="zoznamu"
target="_blank">zoznamu</a></span>
</div>
<div class="add-item">
<div class="add-item__inner">
<div class="newddl-text-field newddl-quantity qty_div">
<div class="newddl-button blue icon-bg standalone search-icon no-float less-button disabled">
<i class="icon">
<svg viewBox="0 0 24 8" width="100%" height="100%">
<line x1="3" y1="4" x2="21" y2="4"></line>
</svg>
</i>
</div>
<input type="text" class="newddl-quantity-input qty" value="1" min="1"
tabindex="0">
<div class="newddl-button blue icon-bg standalone search-icon no-float more-button">
<i class="icon">
<svg viewBox="0 0 24 24" width="100%" height="100%">
<line x1="3" y1="12" x2="21" y2="12"></line>
<line x1="12" y1="3" x2="12" y2="21"></line>
</svg>
</i>
</div>
</div>
<div class="newddl-button blue secondary no-float no-icon min-width accept-button add_to_basket"
onclick="addToBasket(this)"
data-template="/akciove-ponuky/nakupny-zoznam"
data-prod_id="1206001">
<span class="link-label">
Pridať do zoznamu                                              </span>
</div>
<div class="cancel-link"><a href="#cancel"
title="Zrušiť"
tabindex="0">Zrušiť</a>
</div>
</div>
</div>
<div class="added-item" style="">
<p class="t2 nddl">Pridané do <a
href="/akciove-ponuky/nakupny-zoznam/"
title="zoznamu"
target="_blank"
tabindex="0">zoznamu</a>
</p>
<a href="/akciove-ponuky/nakupny-zoznam/"
class="newddl-button blue secondary no-float no-icon min-width edit-button"
title="Upraviť zoznam" target="_blank"
tabindex="0">
<span class="link-label">Upraviť zoznam</span>
</a>
</div>
</div>
</div>

</div>
<div class="a-productListing__productsGrid__element">
<div class="ddl-product-lol  xEqHeights soon-expire"
title="Vinea Kumšt muštu">
<div class="status-bar cf">
<div class="promo-countdown">

<i class="icon -lessThan48">
<svg xmlns="http://www.w3.org/2000/svg"
xmlns:xlink="http://www.w3.org/1999/xlink" width="22"
height="22" viewBox="0 0 22 22">
<defs>
<path id="ywjka"
d="M216.5 21a9.5 9.5 0 1 1-19 0 9.5 9.5 0 0 1 19 0z"/>
<path id="ywjkb" d="M207 14.5v7h-5"/>
</defs>
<g>
<g transform="translate(-196 -10)">
<use fill="#fff" fill-opacity="0" stroke="#fff"
stroke-miterlimit="50"
stroke-width="1.2" xlink:href="#ywjka"/>
</g>
<g transform="translate(-196 -10)">
<use fill="#fff" fill-opacity="0" stroke="#fff"
stroke-miterlimit="50"
stroke-width="1.2" xlink:href="#ywjkb"/>
</g>
</g>
</svg>
</i>

<i class="icon normal">
<svg xmlns="http://www.w3.org/2000/svg"
xmlns:xlink="http://www.w3.org/1999/xlink" width="22"
height="22" viewBox="0 0 22 22">
<defs>
<path id="ywjka"
d="M216.5 21a9.5 9.5 0 1 1-19 0 9.5 9.5 0 0 1 19 0z"/>
<path id="ywjkb" d="M207 14.5v7h-5"/>
</defs>
<g>
<g transform="translate(-196 -10)">
<use fill="#00539F" fill-opacity="0" stroke="#00539F"
stroke-miterlimit="50"
stroke-width="1.2" xlink:href="#ywjka"/>
</g>
<g transform="translate(-196 -10)">
<use fill="#00539F" fill-opacity="0" stroke="#00539F"
stroke-miterlimit="50"
stroke-width="1.2" xlink:href="#ywjkb"/>
</g>
</g>
</svg>
</i>

<div class="promo-countdown-wrapper">
<p>Zľava končí</p>
<b data-countdown="2023/01/11 0:00:00"
data-count-down-dur-locale="&quot;{\&quot;S\&quot;:\&quot;m\&quot;,\&quot;SS\&quot;:\&quot;m\&quot;,\&quot;s\&quot;:\&quot;d\&quot;,\&quot;ss\&quot;:\&quot;s\&quot;,\&quot;m\&quot;:\&quot;m\&quot;,\&quot;mm\&quot;:\&quot;m\&quot;,\&quot;h\&quot;:\&quot;h\&quot;,\&quot;hh\&quot;:\&quot;h\&quot;,\&quot;d\&quot;:\&quot;d\&quot;,\&quot;dd\&quot;:\&quot;d\&quot;,\&quot;w\&quot;:\&quot;t\&quot;,\&quot;ww\&quot;:\&quot;t\&quot;,\&quot;M\&quot;:\&quot;m\&quot;,\&quot;MM\&quot;:\&quot;m\&quot;,\&quot;y\&quot;:\&quot;r\&quot;,\&quot;yy\&quot;:\&quot;l\&quot;}&quot;"></b>
</div>
</div>
</div>
<a href="/akciove-ponuky/akciove-produkty/produkt/napoje/nealkoholicke-napoje/vinea-kumst-mustu/"
class="details-box" tabindex="0">
<div class="product__inner cc-tier2-higher-than-10-prod-blue-border">

<div class="product__info-wrapper">
<span class="product__name">Vinea Kumšt muštu</span>
<div class="product__secondary-text">
<div>
0,33 l. 
Záloha za vratný obal 0,15                            </div>
<span>Pôvodná cena:</span>
<span class="product__price-text">1,39
(1 l=4,21 €)                </span>
<div class="product__price-cc-text">
<span>s Clubcard:</span>
</div>
<span class="product__price-cc-text">0,89</span>
(1 l=2,70 €)        </div>
<div class="product__discount-percentage">
<div class="product__discount-normal-price">
1,39
</div>
<div class="discount-percentage__text">
<span>
-35
<span class="discount__percentage-sign">%</span>
</span>
</div>
</div>
<div class="product__price-wrapper-outer-box">
<div class="product__price-wrapper">
<div class="product__price ">
<span class="price__left-part">
0,89
</span>
</div>
<div class="product__cc-price-text">
Clubcard ceny
</div>
</div>
</div>
</div>
<div class="product__img-wrapper">
<div class="product__img-holder">
<img data-src="/img/opt/tescoce_sk/products/2022-12-28/png/vinea-0-33l-2002121566338-1-5k.png" src="/img/lq/tescoce_sk/products/2022-12-28/png/vinea-0-33l-2002121566338-1-5k.png" alt="Vinea Kumšt muštu"//><noscript><img src="/img/opt/tescoce_sk/products/2022-12-28/png/vinea-0-33l-2002121566338-1-5k.png" alt="Vinea Kumšt muštu"//></noscript>
</div>
<img
class="country-flag"
src=""
alt=""
/>
</div>
</div>                                                            </a>
<div class="shopping-list-parts">
<div class="add-button">
<i class="icon">
<svg viewBox="0 0 24 24" width="100%" height="100%">
<line x1="3" y1="12" x2="21" y2="12"></line>
<line x1="12" y1="3" x2="12" y2="21"></line>
</svg>
</i>
<div class="add-text ddl_link_inline address addtoshoppinglist">
<div>
<span class="label_wrapper">
<span class="label">Pridať do zoznamu</span>
</span>
</div>
</div>
<span class="added-text">Pridané do <a
href="/akciove-ponuky/nakupny-zoznam/"
title="zoznamu"
target="_blank">zoznamu</a></span>
</div>
<div class="add-item">
<div class="add-item__inner">
<div class="newddl-text-field newddl-quantity qty_div">
<div class="newddl-button blue icon-bg standalone search-icon no-float less-button disabled">
<i class="icon">
<svg viewBox="0 0 24 8" width="100%" height="100%">
<line x1="3" y1="4" x2="21" y2="4"></line>
</svg>
</i>
</div>
<input type="text" class="newddl-quantity-input qty" value="1" min="1"
tabindex="0">
<div class="newddl-button blue icon-bg standalone search-icon no-float more-button">
<i class="icon">
<svg viewBox="0 0 24 24" width="100%" height="100%">
<line x1="3" y1="12" x2="21" y2="12"></line>
<line x1="12" y1="3" x2="12" y2="21"></line>
</svg>
</i>
</div>
</div>
<div class="newddl-button blue secondary no-float no-icon min-width accept-button add_to_basket"
onclick="addToBasket(this)"
data-template="/akciove-ponuky/nakupny-zoznam"
data-prod_id="1217202">
<span class="link-label">
Pridať do zoznamu                                              </span>
</div>
<div class="cancel-link"><a href="#cancel"
title="Zrušiť"
tabindex="0">Zrušiť</a>
</div>
</div>
</div>
<div class="added-item" style="">
<p class="t2 nddl">Pridané do <a
href="/akciove-ponuky/nakupny-zoznam/"
title="zoznamu"
target="_blank"
tabindex="0">zoznamu</a>
</p>
<a href="/akciove-ponuky/nakupny-zoznam/"
class="newddl-button blue secondary no-float no-icon min-width edit-button"
title="Upraviť zoznam" target="_blank"
tabindex="0">
<span class="link-label">Upraviť zoznam</span>
</a>
</div>
</div>
</div>

</div>
<div class="a-productListing__productsGrid__element">
<div class="ddl-product-lol  xEqHeights soon-expire"
title="Zbojnícka marhuľovica 42%">
<div class="status-bar cf">
<div class="promo-countdown">

<i class="icon -lessThan48">
<svg xmlns="http://www.w3.org/2000/svg"
xmlns:xlink="http://www.w3.org/1999/xlink" width="22"
height="22" viewBox="0 0 22 22">
<defs>
<path id="ywjka"
d="M216.5 21a9.5 9.5 0 1 1-19 0 9.5 9.5 0 0 1 19 0z"/>
<path id="ywjkb" d="M207 14.5v7h-5"/>
</defs>
<g>
<g transform="translate(-196 -10)">
<use fill="#fff" fill-opacity="0" stroke="#fff"
stroke-miterlimit="50"
stroke-width="1.2" xlink:href="#ywjka"/>
</g>
<g transform="translate(-196 -10)">
<use fill="#fff" fill-opacity="0" stroke="#fff"
stroke-miterlimit="50"
stroke-width="1.2" xlink:href="#ywjkb"/>
</g>
</g>
</svg>
</i>

<i class="icon normal">
<svg xmlns="http://www.w3.org/2000/svg"
xmlns:xlink="http://www.w3.org/1999/xlink" width="22"
height="22" viewBox="0 0 22 22">
<defs>
<path id="ywjka"
d="M216.5 21a9.5 9.5 0 1 1-19 0 9.5 9.5 0 0 1 19 0z"/>
<path id="ywjkb" d="M207 14.5v7h-5"/>
</defs>
<g>
<g transform="translate(-196 -10)">
<use fill="#00539F" fill-opacity="0" stroke="#00539F"
stroke-miterlimit="50"
stroke-width="1.2" xlink:href="#ywjka"/>
</g>
<g transform="translate(-196 -10)">
<use fill="#00539F" fill-opacity="0" stroke="#00539F"
stroke-miterlimit="50"
stroke-width="1.2" xlink:href="#ywjkb"/>
</g>
</g>
</svg>
</i>

<div class="promo-countdown-wrapper">
<p>Zľava končí</p>
<b data-countdown="2023/01/04 0:00:00"
data-count-down-dur-locale="&quot;{\&quot;S\&quot;:\&quot;m\&quot;,\&quot;SS\&quot;:\&quot;m\&quot;,\&quot;s\&quot;:\&quot;d\&quot;,\&quot;ss\&quot;:\&quot;s\&quot;,\&quot;m\&quot;:\&quot;m\&quot;,\&quot;mm\&quot;:\&quot;m\&quot;,\&quot;h\&quot;:\&quot;h\&quot;,\&quot;hh\&quot;:\&quot;h\&quot;,\&quot;d\&quot;:\&quot;d\&quot;,\&quot;dd\&quot;:\&quot;d\&quot;,\&quot;w\&quot;:\&quot;t\&quot;,\&quot;ww\&quot;:\&quot;t\&quot;,\&quot;M\&quot;:\&quot;m\&quot;,\&quot;MM\&quot;:\&quot;m\&quot;,\&quot;y\&quot;:\&quot;r\&quot;,\&quot;yy\&quot;:\&quot;l\&quot;}&quot;"></b>
</div>
</div>
</div>
<a href="/akciove-ponuky/akciove-produkty/produkt/napoje/liehoviny-a-likery/zbojnicka-marhulovica-42/"
class="details-box" tabindex="0">
<div class="product__inner cc-tier2-higher-than-10-prod-blue-border">

<div class="product__info-wrapper">
<span class="product__name">Zbojnícka marhuľovica 42%</span>
<div class="product__secondary-text">
<div>
0,7 l                            </div>
<span>Pôvodná cena:</span>
<span class="product__price-text">20,99
(1 l=29,99 €)                </span>
<div class="product__price-cc-text">
<span>s Clubcard:</span>
</div>
<span class="product__price-cc-text">15,19</span>
(1 l=21,70 €)        </div>
<div class="product__discount-percentage">
<div class="product__discount-normal-price">
20,99
</div>
<div class="discount-percentage__text">
<span>
-27
<span class="discount__percentage-sign">%</span>
</span>
</div>
</div>
<div class="product__price-wrapper-outer-box">
<div class="product__price-wrapper">
<div class="product__price ">
<span class="price__left-part">
15,19
</span>
</div>
<div class="product__cc-price-text">
Clubcard ceny
</div>
</div>
</div>
</div>
<div class="product__img-wrapper">
<div class="product__img-holder">
<img data-src="/img/opt/tescoce_sk/products/2022-12-28/png/zbojnicka-2002020320663-1-5k.png" src="/img/lq/tescoce_sk/products/2022-12-28/png/zbojnicka-2002020320663-1-5k.png" alt="Zbojnícka marhuľovica 42%"//><noscript><img src="/img/opt/tescoce_sk/products/2022-12-28/png/zbojnicka-2002020320663-1-5k.png" alt="Zbojnícka marhuľovica 42%"//></noscript>
</div>
<img
class="country-flag"
src="/img/npc/flags/slovak.svg"
alt="szlovák zászló"
/>
</div>
</div>                                                            </a>
<div class="shopping-list-parts">
<div class="add-button">
<i class="icon">
<svg viewBox="0 0 24 24" width="100%" height="100%">
<line x1="3" y1="12" x2="21" y2="12"></line>
<line x1="12" y1="3" x2="12" y2="21"></line>
</svg>
</i>
<div class="add-text ddl_link_inline address addtoshoppinglist">
<div>
<span class="label_wrapper">
<span class="label">Pridať do zoznamu</span>
</span>
</div>
</div>
<span class="added-text">Pridané do <a
href="/akciove-ponuky/nakupny-zoznam/"
title="zoznamu"
target="_blank">zoznamu</a></span>
</div>
<div class="add-item">
<div class="add-item__inner">
<div class="newddl-text-field newddl-quantity qty_div">
<div class="newddl-button blue icon-bg standalone search-icon no-float less-button disabled">
<i class="icon">
<svg viewBox="0 0 24 8" width="100%" height="100%">
<line x1="3" y1="4" x2="21" y2="4"></line>
</svg>
</i>
</div>
<input type="text" class="newddl-quantity-input qty" value="1" min="1"
tabindex="0">
<div class="newddl-button blue icon-bg standalone search-icon no-float more-button">
<i class="icon">
<svg viewBox="0 0 24 24" width="100%" height="100%">
<line x1="3" y1="12" x2="21" y2="12"></line>
<line x1="12" y1="3" x2="12" y2="21"></line>
</svg>
</i>
</div>
</div>
<div class="newddl-button blue secondary no-float no-icon min-width accept-button add_to_basket"
onclick="addToBasket(this)"
data-template="/akciove-ponuky/nakupny-zoznam"
data-prod_id="1217102">
<span class="link-label">
Pridať do zoznamu                                              </span>
</div>
<div class="cancel-link"><a href="#cancel"
title="Zrušiť"
tabindex="0">Zrušiť</a>
</div>
</div>
</div>
<div class="added-item" style="">
<p class="t2 nddl">Pridané do <a
href="/akciove-ponuky/nakupny-zoznam/"
title="zoznamu"
target="_blank"
tabindex="0">zoznamu</a>
</p>
<a href="/akciove-ponuky/nakupny-zoznam/"
class="newddl-button blue secondary no-float no-icon min-width edit-button"
title="Upraviť zoznam" target="_blank"
tabindex="0">
<span class="link-label">Upraviť zoznam</span>
</a>
</div>
</div>
</div>

</div>
<div class="a-productListing__productsGrid__element">
<div class="ddl-product-lol  xEqHeights soon-expire"
title="Zlatý Bažant 1973">
<div class="status-bar cf">
<div class="promo-countdown -lessThan48">

<i class="icon -lessThan48">
<svg xmlns="http://www.w3.org/2000/svg"
xmlns:xlink="http://www.w3.org/1999/xlink" width="22"
height="22" viewBox="0 0 22 22">
<defs>
<path id="ywjka"
d="M216.5 21a9.5 9.5 0 1 1-19 0 9.5 9.5 0 0 1 19 0z"/>
<path id="ywjkb" d="M207 14.5v7h-5"/>
</defs>
<g>
<g transform="translate(-196 -10)">
<use fill="#fff" fill-opacity="0" stroke="#fff"
stroke-miterlimit="50"
stroke-width="1.2" xlink:href="#ywjka"/>
</g>
<g transform="translate(-196 -10)">
<use fill="#fff" fill-opacity="0" stroke="#fff"
stroke-miterlimit="50"
stroke-width="1.2" xlink:href="#ywjkb"/>
</g>
</g>
</svg>
</i>

<i class="icon normal">
<svg xmlns="http://www.w3.org/2000/svg"
xmlns:xlink="http://www.w3.org/1999/xlink" width="22"
height="22" viewBox="0 0 22 22">
<defs>
<path id="ywjka"
d="M216.5 21a9.5 9.5 0 1 1-19 0 9.5 9.5 0 0 1 19 0z"/>
<path id="ywjkb" d="M207 14.5v7h-5"/>
</defs>
<g>
<g transform="translate(-196 -10)">
<use fill="#00539F" fill-opacity="0" stroke="#00539F"
stroke-miterlimit="50"
stroke-width="1.2" xlink:href="#ywjka"/>
</g>
<g transform="translate(-196 -10)">
<use fill="#00539F" fill-opacity="0" stroke="#00539F"
stroke-miterlimit="50"
stroke-width="1.2" xlink:href="#ywjkb"/>
</g>
</g>
</svg>
</i>

<div class="promo-countdown-wrapper">
<p>Zľava končí</p>
<b data-countdown="2023/01/01 0:00:00"
data-count-down-dur-locale="&quot;{\&quot;S\&quot;:\&quot;m\&quot;,\&quot;SS\&quot;:\&quot;m\&quot;,\&quot;s\&quot;:\&quot;d\&quot;,\&quot;ss\&quot;:\&quot;s\&quot;,\&quot;m\&quot;:\&quot;m\&quot;,\&quot;mm\&quot;:\&quot;m\&quot;,\&quot;h\&quot;:\&quot;h\&quot;,\&quot;hh\&quot;:\&quot;h\&quot;,\&quot;d\&quot;:\&quot;d\&quot;,\&quot;dd\&quot;:\&quot;d\&quot;,\&quot;w\&quot;:\&quot;t\&quot;,\&quot;ww\&quot;:\&quot;t\&quot;,\&quot;M\&quot;:\&quot;m\&quot;,\&quot;MM\&quot;:\&quot;m\&quot;,\&quot;y\&quot;:\&quot;r\&quot;,\&quot;yy\&quot;:\&quot;l\&quot;}&quot;"></b>
</div>
</div>
</div>
<a href="/akciove-ponuky/akciove-produkty/produkt/napoje/piva/zlaty-bazant-1973/"
class="details-box" tabindex="0">
<div class="product__inner cc-tier2-higher-than-10-prod-blue-border">

<div class="product__info-wrapper">
<span class="product__name">Zlatý Bažant 1973</span>
<div class="product__secondary-text">
<div>
7 × 0,5 l + pohár 
Záloha za vratný obal 0,91                            </div>
<span>Pôvodná cena:</span>
<span class="product__price-text">8,99
(1 l=2,57 €)                </span>
<div class="product__price-cc-text">
<span>s Clubcard:</span>
</div>
<span class="product__price-cc-text">6,99</span>
(1 l=2,00 €)        </div>
<div class="product__discount-percentage">
<div class="product__discount-normal-price">
8,99
</div>
<div class="discount-percentage__text">
<span>
-22
<span class="discount__percentage-sign">%</span>
</span>
</div>
</div>
<div class="product__price-wrapper-outer-box">
<div class="product__price-wrapper">
<div class="product__price ">
<span class="price__left-part">
6,99
</span>
</div>
<div class="product__cc-price-text">
Clubcard ceny
</div>
</div>
</div>
</div>
<div class="product__img-wrapper">
<div class="product__img-holder">
<img data-src="/img/opt/tescoce_sk/products/2022-11-23/png/zlaty-bazant-1973-2002121565760-1-5k.png" src="/img/lq/tescoce_sk/products/2022-11-23/png/zlaty-bazant-1973-2002121565760-1-5k.png" alt="Zlatý Bažant 1973"//><noscript><img src="/img/opt/tescoce_sk/products/2022-11-23/png/zlaty-bazant-1973-2002121565760-1-5k.png" alt="Zlatý Bažant 1973"//></noscript>
</div>
<img
class="country-flag"
src=""
alt=""
/>
</div>
</div>                                                            </a>
<div class="shopping-list-parts">
<div class="add-button">
<i class="icon">
<svg viewBox="0 0 24 24" width="100%" height="100%">
<line x1="3" y1="12" x2="21" y2="12"></line>
<line x1="12" y1="3" x2="12" y2="21"></line>
</svg>
</i>
<div class="add-text ddl_link_inline address addtoshoppinglist">
<div>
<span class="label_wrapper">
<span class="label">Pridať do zoznamu</span>
</span>
</div>
</div>
<span class="added-text">Pridané do <a
href="/akciove-ponuky/nakupny-zoznam/"
title="zoznamu"
target="_blank">zoznamu</a></span>
</div>
<div class="add-item">
<div class="add-item__inner">
<div class="newddl-text-field newddl-quantity qty_div">
<div class="newddl-button blue icon-bg standalone search-icon no-float less-button disabled">
<i class="icon">
<svg viewBox="0 0 24 8" width="100%" height="100%">
<line x1="3" y1="4" x2="21" y2="4"></line>
</svg>
</i>
</div>
<input type="text" class="newddl-quantity-input qty" value="1" min="1"
tabindex="0">
<div class="newddl-button blue icon-bg standalone search-icon no-float more-button">
<i class="icon">
<svg viewBox="0 0 24 24" width="100%" height="100%">
<line x1="3" y1="12" x2="21" y2="12"></line>
<line x1="12" y1="3" x2="12" y2="21"></line>
</svg>
</i>
</div>
</div>
<div class="newddl-button blue secondary no-float no-icon min-width accept-button add_to_basket"
onclick="addToBasket(this)"
data-template="/akciove-ponuky/nakupny-zoznam"
data-prod_id="1191932">
<span class="link-label">
Pridať do zoznamu                                              </span>
</div>
<div class="cancel-link"><a href="#cancel"
title="Zrušiť"
tabindex="0">Zrušiť</a>
</div>
</div>
</div>
<div class="added-item" style="">
<p class="t2 nddl">Pridané do <a
href="/akciove-ponuky/nakupny-zoznam/"
title="zoznamu"
target="_blank"
tabindex="0">zoznamu</a>
</p>
<a href="/akciove-ponuky/nakupny-zoznam/"
class="newddl-button blue secondary no-float no-icon min-width edit-button"
title="Upraviť zoznam" target="_blank"
tabindex="0">
<span class="link-label">Upraviť zoznam</span>
</a>
</div>
</div>
</div>

</div>
<div class="a-productListing__productsGrid__element">
<div class="ddl-product-lol  xEqHeights soon-expire"
title="Zlatý Bažant medový porter">
<div class="status-bar cf">
<div class="hovershowtooltip">
<div class="inner">
Ponuka je platná do 31.12.2022.
</div>
<div class="arrow-container">
<div class="arrow-down"></div>
<div class="arrow-down-fg"></div>
</div>
</div>
<a href="https://potravinydomov.itesco.sk/groceries/sk-SK/products/2002020339653"
class="newddl-button left transparent ghs-link"
tabindex="0" target="_blank">
<i class="icon">
<svg xmlns="http://www.w3.org/2000/svg"
xmlns:xlink="http://www.w3.org/1999/xlink"
style="width: 20px !important" height="13" viewBox="0 0 23 13">
<defs>
<path id="clxfa"
d="M33.33 21.44c.44.1.67.38.67.8v3.1c0 .47-.38.84-.84.84h-.9a2.2 2.2 0 0 1-2.18 1.8 2.2 2.2 0 0 1-2.17-1.8h-7.9a2.22 2.22 0 0 1-2.2 1.82c-1.1 0-2-.79-2.19-1.82h-1.66c-.97 0-1.15-.92-1.25-1.41l-1.04-4.25-.41-.27a.3.3 0 0 1-.14-.23L11 18.73c0-.84.66-1.5 1.48-1.5h2.3l-.14.15a.46.46 0 0 0 0 .66.47.47 0 0 0 .66 0l.8-.8h.01l2.11-2.1c.14-.14.41-.19.58-.09.15.09.24.24.24.4 0 .13-.05.24-.14.33l-1.47 1.46h4.39l-1.47-1.46a.46.46 0 0 1 .1-.73c.17-.1.43-.05.57.1L24 18.08c.08.06.18.1.28.1.17 0 .32-.09.4-.24.1-.17.05-.43-.09-.57l-.14-.14h2.31c.77 0 1.39.57 1.47 1.3h1.75c.22 0 .8 0 1.03.71l.8 1.94zM28.7 25.8c0 .75.62 1.36 1.37 1.36.86 0 1.54-.77 1.35-1.65-.1-.52-.53-.93-1.05-1.04a1.38 1.38 0 0 0-1.67 1.33zm-2.17-1c-.05.23-.12.44-.22.63h1.6a2.2 2.2 0 0 1 2.16-1.81c1.09 0 2 .76 2.18 1.8h.9c.04 0 .07-.03.07-.06v-3.11-.04l-.06-.01-1.7-.28a.39.39 0 0 1-.3-.23l-.9-2.2c-.05-.16-.08-.17-.29-.17h-1.77-.02l-.06.71a.3.3 0 0 1-.14.23l-.41.27zm-8.25-4.07a.42.42 0 0 0-.42.43l.29 2.69a.42.42 0 1 0 .83-.02l-.28-2.69a.42.42 0 0 0-.42-.4zm-3 3.15c.02.21.2.38.41.38h.04a.42.42 0 0 0 .38-.46l-.43-2.69a.41.41 0 0 0-.45-.38.42.42 0 0 0-.38.46zm2.53 3.27c.61 0 1.13-.4 1.3-.96h-2.6c.16.56.68.96 1.3.96zm4.11-6a.42.42 0 0 0-.41-.42.41.41 0 0 0-.42.4l-.28 2.72c0 .22.18.4.41.4.23 0 .42-.18.42-.39zm2.17 3.1c.22 0 .4-.16.42-.36l.43-2.71a.41.41 0 0 0-.38-.45.42.42 0 0 0-.45.37l-.43 2.71c-.01.11.02.22.1.3.07.09.17.14.28.15z"></path>
</defs>
<g>
<g clip-path="url(#clip-72B53A8F-48D2-421E-9EC9-9A8CE7DC52A1)"
transform="translate(-11 -15)">
<use fill="#00549e" stroke="none" xlink:href="#clxfa"></use>
</g>
</g>
</svg>
</i>
<div class="ddl_link_inline address shoponline"
style="display: inline-block; vertical-align: middle;">
<span class="link">
<span class="label_wrapper">
<span class="label">
Kúpiť teraz                                                    </span>
</span>
</span>
</div>
</a>
<div class="promo-countdown -lessThan48">

<i class="icon -lessThan48">
<svg xmlns="http://www.w3.org/2000/svg"
xmlns:xlink="http://www.w3.org/1999/xlink" width="22"
height="22" viewBox="0 0 22 22">
<defs>
<path id="ywjka"
d="M216.5 21a9.5 9.5 0 1 1-19 0 9.5 9.5 0 0 1 19 0z"/>
<path id="ywjkb" d="M207 14.5v7h-5"/>
</defs>
<g>
<g transform="translate(-196 -10)">
<use fill="#fff" fill-opacity="0" stroke="#fff"
stroke-miterlimit="50"
stroke-width="1.2" xlink:href="#ywjka"/>
</g>
<g transform="translate(-196 -10)">
<use fill="#fff" fill-opacity="0" stroke="#fff"
stroke-miterlimit="50"
stroke-width="1.2" xlink:href="#ywjkb"/>
</g>
</g>
</svg>
</i>

<i class="icon normal">
<svg xmlns="http://www.w3.org/2000/svg"
xmlns:xlink="http://www.w3.org/1999/xlink" width="22"
height="22" viewBox="0 0 22 22">
<defs>
<path id="ywjka"
d="M216.5 21a9.5 9.5 0 1 1-19 0 9.5 9.5 0 0 1 19 0z"/>
<path id="ywjkb" d="M207 14.5v7h-5"/>
</defs>
<g>
<g transform="translate(-196 -10)">
<use fill="#00539F" fill-opacity="0" stroke="#00539F"
stroke-miterlimit="50"
stroke-width="1.2" xlink:href="#ywjka"/>
</g>
<g transform="translate(-196 -10)">
<use fill="#00539F" fill-opacity="0" stroke="#00539F"
stroke-miterlimit="50"
stroke-width="1.2" xlink:href="#ywjkb"/>
</g>
</g>
</svg>
</i>

<div class="promo-countdown-wrapper">
<p>Zľava končí</p>
<b data-countdown="2023/01/01 0:00:00"
data-count-down-dur-locale="&quot;{\&quot;S\&quot;:\&quot;m\&quot;,\&quot;SS\&quot;:\&quot;m\&quot;,\&quot;s\&quot;:\&quot;d\&quot;,\&quot;ss\&quot;:\&quot;s\&quot;,\&quot;m\&quot;:\&quot;m\&quot;,\&quot;mm\&quot;:\&quot;m\&quot;,\&quot;h\&quot;:\&quot;h\&quot;,\&quot;hh\&quot;:\&quot;h\&quot;,\&quot;d\&quot;:\&quot;d\&quot;,\&quot;dd\&quot;:\&quot;d\&quot;,\&quot;w\&quot;:\&quot;t\&quot;,\&quot;ww\&quot;:\&quot;t\&quot;,\&quot;M\&quot;:\&quot;m\&quot;,\&quot;MM\&quot;:\&quot;m\&quot;,\&quot;y\&quot;:\&quot;r\&quot;,\&quot;yy\&quot;:\&quot;l\&quot;}&quot;"></b>
</div>
</div>
</div>
<a href="/akciove-ponuky/akciove-produkty/produkt/napoje/piva/zlaty-bazant-medovy-porter/"
class="details-box" tabindex="0">
<div class="product__inner cc-tier2-higher-than-10-prod-blue-border">

<div class="product__info-wrapper">
<span class="product__name">Zlatý Bažant medový porter</span>
<div class="product__secondary-text">
<div>
4 × 0,33 l                            </div>
<span>Pôvodná cena:</span>
<span class="product__price-text">4,99
(1 l=3,78 €)                </span>
<div class="product__price-cc-text">
<span>s Clubcard:</span>
</div>
<span class="product__price-cc-text">3,99</span>
(1 l=3,02 €)        </div>
<div class="product__discount-percentage">
<div class="product__discount-normal-price">
4,99
</div>
<div class="discount-percentage__text">
<span>
-20
<span class="discount__percentage-sign">%</span>
</span>
</div>
</div>
<div class="product__price-wrapper-outer-box">
<div class="product__price-wrapper">
<div class="product__price ">
<span class="price__left-part">
3,99
</span>
</div>
<div class="product__cc-price-text">
Clubcard ceny
</div>
</div>
</div>
</div>
<div class="product__img-wrapper">
<div class="product__img-holder">
<img data-src="/img/opt/tescoce_sk/products/2022-12-07/png/zlaty-bazant-medovy-porter-2002020339653-1-5k.png" src="/img/lq/tescoce_sk/products/2022-12-07/png/zlaty-bazant-medovy-porter-2002020339653-1-5k.png" alt="Zlatý Bažant medový porter"//><noscript><img src="/img/opt/tescoce_sk/products/2022-12-07/png/zlaty-bazant-medovy-porter-2002020339653-1-5k.png" alt="Zlatý Bažant medový porter"//></noscript>
</div>
<img
class="country-flag"
src="/img/npc/flags/slovak.svg"
alt="szlovák zászló"
/>
</div>
</div>                                                            </a>
<div class="shopping-list-parts">
<div class="add-button">
<i class="icon">
<svg viewBox="0 0 24 24" width="100%" height="100%">
<line x1="3" y1="12" x2="21" y2="12"></line>
<line x1="12" y1="3" x2="12" y2="21"></line>
</svg>
</i>
<div class="add-text ddl_link_inline address addtoshoppinglist">
<div>
<span class="label_wrapper">
<span class="label">Pridať do zoznamu</span>
</span>
</div>
</div>
<span class="added-text">Pridané do <a
href="/akciove-ponuky/nakupny-zoznam/"
title="zoznamu"
target="_blank">zoznamu</a></span>
</div>
<div class="add-item">
<div class="add-item__inner">
<div class="newddl-text-field newddl-quantity qty_div">
<div class="newddl-button blue icon-bg standalone search-icon no-float less-button disabled">
<i class="icon">
<svg viewBox="0 0 24 8" width="100%" height="100%">
<line x1="3" y1="4" x2="21" y2="4"></line>
</svg>
</i>
</div>
<input type="text" class="newddl-quantity-input qty" value="1" min="1"
tabindex="0">
<div class="newddl-button blue icon-bg standalone search-icon no-float more-button">
<i class="icon">
<svg viewBox="0 0 24 24" width="100%" height="100%">
<line x1="3" y1="12" x2="21" y2="12"></line>
<line x1="12" y1="3" x2="12" y2="21"></line>
</svg>
</i>
</div>
</div>
<div class="newddl-button blue secondary no-float no-icon min-width accept-button add_to_basket"
onclick="addToBasket(this)"
data-template="/akciove-ponuky/nakupny-zoznam"
data-prod_id="1205881">
<span class="link-label">
Pridať do zoznamu                                              </span>
</div>
<div class="cancel-link"><a href="#cancel"
title="Zrušiť"
tabindex="0">Zrušiť</a>
</div>
</div>
</div>
<div class="added-item" style="">
<p class="t2 nddl">Pridané do <a
href="/akciove-ponuky/nakupny-zoznam/"
title="zoznamu"
target="_blank"
tabindex="0">zoznamu</a>
</p>
<a href="/akciove-ponuky/nakupny-zoznam/"
class="newddl-button blue secondary no-float no-icon min-width edit-button"
title="Upraviť zoznam" target="_blank"
tabindex="0">
<span class="link-label">Upraviť zoznam</span>
</a>
</div>
</div>
</div>

</div>
<div class="a-productListing__productsGrid__element">
<div class="ddl-product-lol  xEqHeights soon-expire"
title="Žubrowka 37,5 %">
<div class="status-bar cf">
<div class="promo-countdown">

<i class="icon -lessThan48">
<svg xmlns="http://www.w3.org/2000/svg"
xmlns:xlink="http://www.w3.org/1999/xlink" width="22"
height="22" viewBox="0 0 22 22">
<defs>
<path id="ywjka"
d="M216.5 21a9.5 9.5 0 1 1-19 0 9.5 9.5 0 0 1 19 0z"/>
<path id="ywjkb" d="M207 14.5v7h-5"/>
</defs>
<g>
<g transform="translate(-196 -10)">
<use fill="#fff" fill-opacity="0" stroke="#fff"
stroke-miterlimit="50"
stroke-width="1.2" xlink:href="#ywjka"/>
</g>
<g transform="translate(-196 -10)">
<use fill="#fff" fill-opacity="0" stroke="#fff"
stroke-miterlimit="50"
stroke-width="1.2" xlink:href="#ywjkb"/>
</g>
</g>
</svg>
</i>

<i class="icon normal">
<svg xmlns="http://www.w3.org/2000/svg"
xmlns:xlink="http://www.w3.org/1999/xlink" width="22"
height="22" viewBox="0 0 22 22">
<defs>
<path id="ywjka"
d="M216.5 21a9.5 9.5 0 1 1-19 0 9.5 9.5 0 0 1 19 0z"/>
<path id="ywjkb" d="M207 14.5v7h-5"/>
</defs>
<g>
<g transform="translate(-196 -10)">
<use fill="#00539F" fill-opacity="0" stroke="#00539F"
stroke-miterlimit="50"
stroke-width="1.2" xlink:href="#ywjka"/>
</g>
<g transform="translate(-196 -10)">
<use fill="#00539F" fill-opacity="0" stroke="#00539F"
stroke-miterlimit="50"
stroke-width="1.2" xlink:href="#ywjkb"/>
</g>
</g>
</svg>
</i>

<div class="promo-countdown-wrapper">
<p>Zľava končí</p>
<b data-countdown="2023/01/04 0:00:00"
data-count-down-dur-locale="&quot;{\&quot;S\&quot;:\&quot;m\&quot;,\&quot;SS\&quot;:\&quot;m\&quot;,\&quot;s\&quot;:\&quot;d\&quot;,\&quot;ss\&quot;:\&quot;s\&quot;,\&quot;m\&quot;:\&quot;m\&quot;,\&quot;mm\&quot;:\&quot;m\&quot;,\&quot;h\&quot;:\&quot;h\&quot;,\&quot;hh\&quot;:\&quot;h\&quot;,\&quot;d\&quot;:\&quot;d\&quot;,\&quot;dd\&quot;:\&quot;d\&quot;,\&quot;w\&quot;:\&quot;t\&quot;,\&quot;ww\&quot;:\&quot;t\&quot;,\&quot;M\&quot;:\&quot;m\&quot;,\&quot;MM\&quot;:\&quot;m\&quot;,\&quot;y\&quot;:\&quot;r\&quot;,\&quot;yy\&quot;:\&quot;l\&quot;}&quot;"></b>
</div>
</div>
</div>
<a href="/akciove-ponuky/akciove-produkty/produkt/napoje/liehoviny-a-likery/zubrowka-37-5/"
class="details-box" tabindex="0">
<div class="product__inner cc-tier2-higher-than-10-prod-blue-border">

<div class="product__info-wrapper">
<span class="product__name">Žubrowka 37,5 %</span>
<div class="product__secondary-text">
<div>
viac druhov 0,7 l                            </div>
<span>Pôvodná cena:</span>
<span class="product__price-text">9,99
(1 l=14,27 €)                </span>
<div class="product__price-cc-text">
<span>s Clubcard:</span>
</div>
<span class="product__price-cc-text">7,99</span>
(1 l=11,41 €)        </div>
<div class="product__discount-percentage">
<div class="product__discount-normal-price">
9,99
</div>
<div class="discount-percentage__text">
<span>
-20
<span class="discount__percentage-sign">%</span>
</span>
</div>
</div>
<div class="product__price-wrapper-outer-box">
<div class="product__price-wrapper">
<div class="product__price ">
<span class="price__left-part">
7,99
</span>
</div>
<div class="product__cc-price-text">
Clubcard ceny
</div>
</div>
</div>
</div>
<div class="product__img-wrapper">
<div class="product__img-holder">
<img data-src="/img/opt/tescoce_sk/products/2022-12-28/png/zubrowka-2002020337250-1-5k.png" src="/img/lq/tescoce_sk/products/2022-12-28/png/zubrowka-2002020337250-1-5k.png" alt="Žubrowka 37,5 %"//><noscript><img src="/img/opt/tescoce_sk/products/2022-12-28/png/zubrowka-2002020337250-1-5k.png" alt="Žubrowka 37,5 %"//></noscript>
</div>
<img
class="country-flag"
src=""
alt=""
/>
</div>
</div>                                                            </a>
<div class="shopping-list-parts">
<div class="add-button">
<i class="icon">
<svg viewBox="0 0 24 24" width="100%" height="100%">
<line x1="3" y1="12" x2="21" y2="12"></line>
<line x1="12" y1="3" x2="12" y2="21"></line>
</svg>
</i>
<div class="add-text ddl_link_inline address addtoshoppinglist">
<div>
<span class="label_wrapper">
<span class="label">Pridať do zoznamu</span>
</span>
</div>
</div>
<span class="added-text">Pridané do <a
href="/akciove-ponuky/nakupny-zoznam/"
title="zoznamu"
target="_blank">zoznamu</a></span>
</div>
<div class="add-item">
<div class="add-item__inner">
<div class="newddl-text-field newddl-quantity qty_div">
<div class="newddl-button blue icon-bg standalone search-icon no-float less-button disabled">
<i class="icon">
<svg viewBox="0 0 24 8" width="100%" height="100%">
<line x1="3" y1="4" x2="21" y2="4"></line>
</svg>
</i>
</div>
<input type="text" class="newddl-quantity-input qty" value="1" min="1"
tabindex="0">
<div class="newddl-button blue icon-bg standalone search-icon no-float more-button">
<i class="icon">
<svg viewBox="0 0 24 24" width="100%" height="100%">
<line x1="3" y1="12" x2="21" y2="12"></line>
<line x1="12" y1="3" x2="12" y2="21"></line>
</svg>
</i>
</div>
</div>
<div class="newddl-button blue secondary no-float no-icon min-width accept-button add_to_basket"
onclick="addToBasket(this)"
data-template="/akciove-ponuky/nakupny-zoznam"
data-prod_id="1215962">
<span class="link-label">
Pridať do zoznamu                                              </span>
</div>
<div class="cancel-link"><a href="#cancel"
title="Zrušiť"
tabindex="0">Zrušiť</a>
</div>
</div>
</div>
<div class="added-item" style="">
<p class="t2 nddl">Pridané do <a
href="/akciove-ponuky/nakupny-zoznam/"
title="zoznamu"
target="_blank"
tabindex="0">zoznamu</a>
</p>
<a href="/akciove-ponuky/nakupny-zoznam/"
class="newddl-button blue secondary no-float no-icon min-width edit-button"
title="Upraviť zoznam" target="_blank"
tabindex="0">
<span class="link-label">Upraviť zoznam</span>
</a>
</div>
</div>
</div>

</div>
</div>

<div class="hidden visible-xx-fixed visible-xs-fixed visible-sm-fixed">
<div class="ddl clearfix">
<!-- ddl_link_button -->
<span id="mobile-product-grid-load-more" class="ddl_link_button button-primary natural"
style="max-width: 186px; width: 100%; margin: 0 auto; float: none;">
<span class="link-label">Načítať <span id="mobile-product-grid-load-more-qty">6</span> ďalších</span>
</span>
<!-- ddl_link_button -->
</div>
</div>

<div class="product-container m-productListing__productsGrid desktop hidden visible-md">
<div class="a-productListing__productsGrid__element">
<div class="ddl-product-lol  xEqHeights soon-expire"
title="Zlatý Bažant 1973">
<div class="status-bar cf">
<div class="promo-countdown -lessThan48">

<i class="icon -lessThan48">
<svg xmlns="http://www.w3.org/2000/svg"
xmlns:xlink="http://www.w3.org/1999/xlink" width="22"
height="22" viewBox="0 0 22 22">
<defs>
<path id="ywjka"
d="M216.5 21a9.5 9.5 0 1 1-19 0 9.5 9.5 0 0 1 19 0z"/>
<path id="ywjkb" d="M207 14.5v7h-5"/>
</defs>
<g>
<g transform="translate(-196 -10)">
<use fill="#fff" fill-opacity="0" stroke="#fff"
stroke-miterlimit="50"
stroke-width="1.2" xlink:href="#ywjka"/>
</g>
<g transform="translate(-196 -10)">
<use fill="#fff" fill-opacity="0" stroke="#fff"
stroke-miterlimit="50"
stroke-width="1.2" xlink:href="#ywjkb"/>
</g>
</g>
</svg>
</i>

<i class="icon normal">
<svg xmlns="http://www.w3.org/2000/svg"
xmlns:xlink="http://www.w3.org/1999/xlink" width="22"
height="22" viewBox="0 0 22 22">
<defs>
<path id="ywjka"
d="M216.5 21a9.5 9.5 0 1 1-19 0 9.5 9.5 0 0 1 19 0z"/>
<path id="ywjkb" d="M207 14.5v7h-5"/>
</defs>
<g>
<g transform="translate(-196 -10)">
<use fill="#00539F" fill-opacity="0" stroke="#00539F"
stroke-miterlimit="50"
stroke-width="1.2" xlink:href="#ywjka"/>
</g>
<g transform="translate(-196 -10)">
<use fill="#00539F" fill-opacity="0" stroke="#00539F"
stroke-miterlimit="50"
stroke-width="1.2" xlink:href="#ywjkb"/>
</g>
</g>
</svg>
</i>

<div class="promo-countdown-wrapper">
<p>Zľava končí</p>
<b data-countdown="2023/01/01 0:00:00"
data-count-down-dur-locale="&quot;{\&quot;S\&quot;:\&quot;m\&quot;,\&quot;SS\&quot;:\&quot;m\&quot;,\&quot;s\&quot;:\&quot;d\&quot;,\&quot;ss\&quot;:\&quot;s\&quot;,\&quot;m\&quot;:\&quot;m\&quot;,\&quot;mm\&quot;:\&quot;m\&quot;,\&quot;h\&quot;:\&quot;h\&quot;,\&quot;hh\&quot;:\&quot;h\&quot;,\&quot;d\&quot;:\&quot;d\&quot;,\&quot;dd\&quot;:\&quot;d\&quot;,\&quot;w\&quot;:\&quot;t\&quot;,\&quot;ww\&quot;:\&quot;t\&quot;,\&quot;M\&quot;:\&quot;m\&quot;,\&quot;MM\&quot;:\&quot;m\&quot;,\&quot;y\&quot;:\&quot;r\&quot;,\&quot;yy\&quot;:\&quot;l\&quot;}&quot;"></b>
</div>
</div>
</div>
<a href="/akciove-ponuky/akciove-produkty/produkt/napoje/piva/zlaty-bazant-1973/"
class="details-box" tabindex="0">
<div class="product__inner cc-tier2-higher-than-10-prod-blue-border">

<div class="product__info-wrapper">
<span class="product__name">Zlatý Bažant 1973</span>
<div class="product__secondary-text">
<div>
7 × 0,5 l + pohár 
Záloha za vratný obal 0,91                            </div>
<span>Pôvodná cena:</span>
<span class="product__price-text">8,99
(1 l=2,57 €)                </span>
<div class="product__price-cc-text">
<span>s Clubcard:</span>
</div>
<span class="product__price-cc-text">6,99</span>
(1 l=2,00 €)        </div>
<div class="product__discount-percentage">
<div class="product__discount-normal-price">
8,99
</div>
<div class="discount-percentage__text">
<span>
-22
<span class="discount__percentage-sign">%</span>
</span>
</div>
</div>
<div class="product__price-wrapper-outer-box">
<div class="product__price-wrapper">
<div class="product__price ">
<span class="price__left-part">
6,99
</span>
</div>
<div class="product__cc-price-text">
Clubcard ceny
</div>
</div>
</div>
</div>
<div class="product__img-wrapper">
<div class="product__img-holder">
<img data-src="/img/opt/tescoce_sk/products/2022-11-23/png/zlaty-bazant-1973-2002121565760-1-5k.png" src="/img/lq/tescoce_sk/products/2022-11-23/png/zlaty-bazant-1973-2002121565760-1-5k.png" alt="Zlatý Bažant 1973"//><noscript><img src="/img/opt/tescoce_sk/products/2022-11-23/png/zlaty-bazant-1973-2002121565760-1-5k.png" alt="Zlatý Bažant 1973"//></noscript>
</div>
<img
class="country-flag"
src=""
alt=""
/>
</div>
</div>                                                            </a>
<div class="shopping-list-parts">
<div class="add-button">
<i class="icon">
<svg viewBox="0 0 24 24" width="100%" height="100%">
<line x1="3" y1="12" x2="21" y2="12"></line>
<line x1="12" y1="3" x2="12" y2="21"></line>
</svg>
</i>
<div class="add-text ddl_link_inline address addtoshoppinglist">
<div>
<span class="label_wrapper">
<span class="label">Pridať do zoznamu</span>
</span>
</div>
</div>
<span class="added-text">Pridané do <a
href="/akciove-ponuky/nakupny-zoznam/"
title="zoznamu"
target="_blank">zoznamu</a></span>
</div>
<div class="add-item">
<div class="add-item__inner">
<div class="newddl-text-field newddl-quantity qty_div">
<div class="newddl-button blue icon-bg standalone search-icon no-float less-button disabled">
<i class="icon">
<svg viewBox="0 0 24 8" width="100%" height="100%">
<line x1="3" y1="4" x2="21" y2="4"></line>
</svg>
</i>
</div>
<input type="text" class="newddl-quantity-input qty" value="1"
min="1"
tabindex="0">
<div class="newddl-button blue icon-bg standalone search-icon no-float more-button">
<i class="icon">
<svg viewBox="0 0 24 24" width="100%" height="100%">
<line x1="3" y1="12" x2="21" y2="12"></line>
<line x1="12" y1="3" x2="12" y2="21"></line>
</svg>
</i>
</div>
</div>
<div class="newddl-button blue secondary no-float no-icon min-width accept-button add_to_basket"
data-template="/akciove-ponuky/nakupny-zoznam"
data-prod_id="1191932">
<span class="link-label">
Pridať do zoznamu                                              </span>
</div>
<div class="cancel-link"><a href="#cancel"
title="Zrušiť"
tabindex="0">Zrušiť</a>
</div>
</div>
</div>
<div class="added-item" style="">
<p class="t2 nddl">Pridané do <a
href="/akciove-ponuky/nakupny-zoznam/"
title="zoznamu"
target="_blank"
tabindex="0">zoznamu</a>
</p>
<a href="/akciove-ponuky/nakupny-zoznam/"
class="newddl-button blue secondary no-float no-icon min-width edit-button"
title="Upraviť zoznam"
target="_blank"
tabindex="0">
<span class="link-label">Upraviť zoznam</span>
</a>
</div>
</div>
</div>

</div>
<div class="a-productListing__productsGrid__element">
<div class="ddl-product-lol  xEqHeights soon-expire"
title="Zlatý Bažant medový porter">
<div class="status-bar cf">
<div class="hovershowtooltip">
<div class="inner">
Ponuka je platná do 31.12.2022.
</div>
<div class="arrow-container">
<div class="arrow-down"></div>
<div class="arrow-down-fg"></div>
</div>
</div>
<a href="https://potravinydomov.itesco.sk/groceries/sk-SK/products/2002020339653"
class="newddl-button left transparent ghs-link"
tabindex="0" target="_blank">
<i class="icon">
<svg xmlns="http://www.w3.org/2000/svg"
xmlns:xlink="http://www.w3.org/1999/xlink"
style="width: 20px !important" height="13" viewBox="0 0 23 13">
<defs>
<path id="clxfa"
d="M33.33 21.44c.44.1.67.38.67.8v3.1c0 .47-.38.84-.84.84h-.9a2.2 2.2 0 0 1-2.18 1.8 2.2 2.2 0 0 1-2.17-1.8h-7.9a2.22 2.22 0 0 1-2.2 1.82c-1.1 0-2-.79-2.19-1.82h-1.66c-.97 0-1.15-.92-1.25-1.41l-1.04-4.25-.41-.27a.3.3 0 0 1-.14-.23L11 18.73c0-.84.66-1.5 1.48-1.5h2.3l-.14.15a.46.46 0 0 0 0 .66.47.47 0 0 0 .66 0l.8-.8h.01l2.11-2.1c.14-.14.41-.19.58-.09.15.09.24.24.24.4 0 .13-.05.24-.14.33l-1.47 1.46h4.39l-1.47-1.46a.46.46 0 0 1 .1-.73c.17-.1.43-.05.57.1L24 18.08c.08.06.18.1.28.1.17 0 .32-.09.4-.24.1-.17.05-.43-.09-.57l-.14-.14h2.31c.77 0 1.39.57 1.47 1.3h1.75c.22 0 .8 0 1.03.71l.8 1.94zM28.7 25.8c0 .75.62 1.36 1.37 1.36.86 0 1.54-.77 1.35-1.65-.1-.52-.53-.93-1.05-1.04a1.38 1.38 0 0 0-1.67 1.33zm-2.17-1c-.05.23-.12.44-.22.63h1.6a2.2 2.2 0 0 1 2.16-1.81c1.09 0 2 .76 2.18 1.8h.9c.04 0 .07-.03.07-.06v-3.11-.04l-.06-.01-1.7-.28a.39.39 0 0 1-.3-.23l-.9-2.2c-.05-.16-.08-.17-.29-.17h-1.77-.02l-.06.71a.3.3 0 0 1-.14.23l-.41.27zm-8.25-4.07a.42.42 0 0 0-.42.43l.29 2.69a.42.42 0 1 0 .83-.02l-.28-2.69a.42.42 0 0 0-.42-.4zm-3 3.15c.02.21.2.38.41.38h.04a.42.42 0 0 0 .38-.46l-.43-2.69a.41.41 0 0 0-.45-.38.42.42 0 0 0-.38.46zm2.53 3.27c.61 0 1.13-.4 1.3-.96h-2.6c.16.56.68.96 1.3.96zm4.11-6a.42.42 0 0 0-.41-.42.41.41 0 0 0-.42.4l-.28 2.72c0 .22.18.4.41.4.23 0 .42-.18.42-.39zm2.17 3.1c.22 0 .4-.16.42-.36l.43-2.71a.41.41 0 0 0-.38-.45.42.42 0 0 0-.45.37l-.43 2.71c-.01.11.02.22.1.3.07.09.17.14.28.15z"></path>
</defs>
<g>
<g clip-path="url(#clip-72B53A8F-48D2-421E-9EC9-9A8CE7DC52A1)"
transform="translate(-11 -15)">
<use fill="#00549e" stroke="none"
xlink:href="#clxfa"></use>
</g>
</g>
</svg>
</i>
<div class="ddl_link_inline address shoponline"
style="display: inline-block; vertical-align: middle;">
<span class="link">
<span class="label_wrapper">
<span class="label">
Kúpiť teraz                                                    </span>
</span>
</span>
</div>
</a>
<div class="promo-countdown -lessThan48">

<i class="icon -lessThan48">
<svg xmlns="http://www.w3.org/2000/svg"
xmlns:xlink="http://www.w3.org/1999/xlink" width="22"
height="22" viewBox="0 0 22 22">
<defs>
<path id="ywjka"
d="M216.5 21a9.5 9.5 0 1 1-19 0 9.5 9.5 0 0 1 19 0z"/>
<path id="ywjkb" d="M207 14.5v7h-5"/>
</defs>
<g>
<g transform="translate(-196 -10)">
<use fill="#fff" fill-opacity="0" stroke="#fff"
stroke-miterlimit="50"
stroke-width="1.2" xlink:href="#ywjka"/>
</g>
<g transform="translate(-196 -10)">
<use fill="#fff" fill-opacity="0" stroke="#fff"
stroke-miterlimit="50"
stroke-width="1.2" xlink:href="#ywjkb"/>
</g>
</g>
</svg>
</i>

<i class="icon normal">
<svg xmlns="http://www.w3.org/2000/svg"
xmlns:xlink="http://www.w3.org/1999/xlink" width="22"
height="22" viewBox="0 0 22 22">
<defs>
<path id="ywjka"
d="M216.5 21a9.5 9.5 0 1 1-19 0 9.5 9.5 0 0 1 19 0z"/>
<path id="ywjkb" d="M207 14.5v7h-5"/>
</defs>
<g>
<g transform="translate(-196 -10)">
<use fill="#00539F" fill-opacity="0" stroke="#00539F"
stroke-miterlimit="50"
stroke-width="1.2" xlink:href="#ywjka"/>
</g>
<g transform="translate(-196 -10)">
<use fill="#00539F" fill-opacity="0" stroke="#00539F"
stroke-miterlimit="50"
stroke-width="1.2" xlink:href="#ywjkb"/>
</g>
</g>
</svg>
</i>

<div class="promo-countdown-wrapper">
<p>Zľava končí</p>
<b data-countdown="2023/01/01 0:00:00"
data-count-down-dur-locale="&quot;{\&quot;S\&quot;:\&quot;m\&quot;,\&quot;SS\&quot;:\&quot;m\&quot;,\&quot;s\&quot;:\&quot;d\&quot;,\&quot;ss\&quot;:\&quot;s\&quot;,\&quot;m\&quot;:\&quot;m\&quot;,\&quot;mm\&quot;:\&quot;m\&quot;,\&quot;h\&quot;:\&quot;h\&quot;,\&quot;hh\&quot;:\&quot;h\&quot;,\&quot;d\&quot;:\&quot;d\&quot;,\&quot;dd\&quot;:\&quot;d\&quot;,\&quot;w\&quot;:\&quot;t\&quot;,\&quot;ww\&quot;:\&quot;t\&quot;,\&quot;M\&quot;:\&quot;m\&quot;,\&quot;MM\&quot;:\&quot;m\&quot;,\&quot;y\&quot;:\&quot;r\&quot;,\&quot;yy\&quot;:\&quot;l\&quot;}&quot;"></b>
</div>
</div>
</div>
<a href="/akciove-ponuky/akciove-produkty/produkt/napoje/piva/zlaty-bazant-medovy-porter/"
class="details-box" tabindex="0">
<div class="product__inner cc-tier2-higher-than-10-prod-blue-border">

<div class="product__info-wrapper">
<span class="product__name">Zlatý Bažant medový porter</span>
<div class="product__secondary-text">
<div>
4 × 0,33 l                            </div>
<span>Pôvodná cena:</span>
<span class="product__price-text">4,99
(1 l=3,78 €)                </span>
<div class="product__price-cc-text">
<span>s Clubcard:</span>
</div>
<span class="product__price-cc-text">3,99</span>
(1 l=3,02 €)        </div>
<div class="product__discount-percentage">
<div class="product__discount-normal-price">
4,99
</div>
<div class="discount-percentage__text">
<span>
-20
<span class="discount__percentage-sign">%</span>
</span>
</div>
</div>
<div class="product__price-wrapper-outer-box">
<div class="product__price-wrapper">
<div class="product__price ">
<span class="price__left-part">
3,99
</span>
</div>
<div class="product__cc-price-text">
Clubcard ceny
</div>
</div>
</div>
</div>
<div class="product__img-wrapper">
<div class="product__img-holder">
<img data-src="/img/opt/tescoce_sk/products/2022-12-07/png/zlaty-bazant-medovy-porter-2002020339653-1-5k.png" src="/img/lq/tescoce_sk/products/2022-12-07/png/zlaty-bazant-medovy-porter-2002020339653-1-5k.png" alt="Zlatý Bažant medový porter"//><noscript><img src="/img/opt/tescoce_sk/products/2022-12-07/png/zlaty-bazant-medovy-porter-2002020339653-1-5k.png" alt="Zlatý Bažant medový porter"//></noscript>
</div>
<img
class="country-flag"
src="/img/npc/flags/slovak.svg"
alt="szlovák zászló"
/>
</div>
</div>                                                            </a>
<div class="shopping-list-parts">
<div class="add-button">
<i class="icon">
<svg viewBox="0 0 24 24" width="100%" height="100%">
<line x1="3" y1="12" x2="21" y2="12"></line>
<line x1="12" y1="3" x2="12" y2="21"></line>
</svg>
</i>
<div class="add-text ddl_link_inline address addtoshoppinglist">
<div>
<span class="label_wrapper">
<span class="label">Pridať do zoznamu</span>
</span>
</div>
</div>
<span class="added-text">Pridané do <a
href="/akciove-ponuky/nakupny-zoznam/"
title="zoznamu"
target="_blank">zoznamu</a></span>
</div>
<div class="add-item">
<div class="add-item__inner">
<div class="newddl-text-field newddl-quantity qty_div">
<div class="newddl-button blue icon-bg standalone search-icon no-float less-button disabled">
<i class="icon">
<svg viewBox="0 0 24 8" width="100%" height="100%">
<line x1="3" y1="4" x2="21" y2="4"></line>
</svg>
</i>
</div>
<input type="text" class="newddl-quantity-input qty" value="1"
min="1"
tabindex="0">
<div class="newddl-button blue icon-bg standalone search-icon no-float more-button">
<i class="icon">
<svg viewBox="0 0 24 24" width="100%" height="100%">
<line x1="3" y1="12" x2="21" y2="12"></line>
<line x1="12" y1="3" x2="12" y2="21"></line>
</svg>
</i>
</div>
</div>
<div class="newddl-button blue secondary no-float no-icon min-width accept-button add_to_basket"
data-template="/akciove-ponuky/nakupny-zoznam"
data-prod_id="1205881">
<span class="link-label">
Pridať do zoznamu                                              </span>
</div>
<div class="cancel-link"><a href="#cancel"
title="Zrušiť"
tabindex="0">Zrušiť</a>
</div>
</div>
</div>
<div class="added-item" style="">
<p class="t2 nddl">Pridané do <a
href="/akciove-ponuky/nakupny-zoznam/"
title="zoznamu"
target="_blank"
tabindex="0">zoznamu</a>
</p>
<a href="/akciove-ponuky/nakupny-zoznam/"
class="newddl-button blue secondary no-float no-icon min-width edit-button"
title="Upraviť zoznam"
target="_blank"
tabindex="0">
<span class="link-label">Upraviť zoznam</span>
</a>
</div>
</div>
</div>

</div>
<div class="a-productListing__productsGrid__element">
<div class="ddl-product-lol  xEqHeights soon-expire"
title="Žubrowka 37,5 %">
<div class="status-bar cf">
<div class="promo-countdown">

<i class="icon -lessThan48">
<svg xmlns="http://www.w3.org/2000/svg"
xmlns:xlink="http://www.w3.org/1999/xlink" width="22"
height="22" viewBox="0 0 22 22">
<defs>
<path id="ywjka"
d="M216.5 21a9.5 9.5 0 1 1-19 0 9.5 9.5 0 0 1 19 0z"/>
<path id="ywjkb" d="M207 14.5v7h-5"/>
</defs>
<g>
<g transform="translate(-196 -10)">
<use fill="#fff" fill-opacity="0" stroke="#fff"
stroke-miterlimit="50"
stroke-width="1.2" xlink:href="#ywjka"/>
</g>
<g transform="translate(-196 -10)">
<use fill="#fff" fill-opacity="0" stroke="#fff"
stroke-miterlimit="50"
stroke-width="1.2" xlink:href="#ywjkb"/>
</g>
</g>
</svg>
</i>

<i class="icon normal">
<svg xmlns="http://www.w3.org/2000/svg"
xmlns:xlink="http://www.w3.org/1999/xlink" width="22"
height="22" viewBox="0 0 22 22">
<defs>
<path id="ywjka"
d="M216.5 21a9.5 9.5 0 1 1-19 0 9.5 9.5 0 0 1 19 0z"/>
<path id="ywjkb" d="M207 14.5v7h-5"/>
</defs>
<g>
<g transform="translate(-196 -10)">
<use fill="#00539F" fill-opacity="0" stroke="#00539F"
stroke-miterlimit="50"
stroke-width="1.2" xlink:href="#ywjka"/>
</g>
<g transform="translate(-196 -10)">
<use fill="#00539F" fill-opacity="0" stroke="#00539F"
stroke-miterlimit="50"
stroke-width="1.2" xlink:href="#ywjkb"/>
</g>
</g>
</svg>
</i>

<div class="promo-countdown-wrapper">
<p>Zľava končí</p>
<b data-countdown="2023/01/04 0:00:00"
data-count-down-dur-locale="&quot;{\&quot;S\&quot;:\&quot;m\&quot;,\&quot;SS\&quot;:\&quot;m\&quot;,\&quot;s\&quot;:\&quot;d\&quot;,\&quot;ss\&quot;:\&quot;s\&quot;,\&quot;m\&quot;:\&quot;m\&quot;,\&quot;mm\&quot;:\&quot;m\&quot;,\&quot;h\&quot;:\&quot;h\&quot;,\&quot;hh\&quot;:\&quot;h\&quot;,\&quot;d\&quot;:\&quot;d\&quot;,\&quot;dd\&quot;:\&quot;d\&quot;,\&quot;w\&quot;:\&quot;t\&quot;,\&quot;ww\&quot;:\&quot;t\&quot;,\&quot;M\&quot;:\&quot;m\&quot;,\&quot;MM\&quot;:\&quot;m\&quot;,\&quot;y\&quot;:\&quot;r\&quot;,\&quot;yy\&quot;:\&quot;l\&quot;}&quot;"></b>
</div>
</div>
</div>
<a href="/akciove-ponuky/akciove-produkty/produkt/napoje/liehoviny-a-likery/zubrowka-37-5/"
class="details-box" tabindex="0">
<div class="product__inner cc-tier2-higher-than-10-prod-blue-border">

<div class="product__info-wrapper">
<span class="product__name">Žubrowka 37,5 %</span>
<div class="product__secondary-text">
<div>
viac druhov 0,7 l                            </div>
<span>Pôvodná cena:</span>
<span class="product__price-text">9,99
(1 l=14,27 €)                </span>
<div class="product__price-cc-text">
<span>s Clubcard:</span>
</div>
<span class="product__price-cc-text">7,99</span>
(1 l=11,41 €)        </div>
<div class="product__discount-percentage">
<div class="product__discount-normal-price">
9,99
</div>
<div class="discount-percentage__text">
<span>
-20
<span class="discount__percentage-sign">%</span>
</span>
</div>
</div>
<div class="product__price-wrapper-outer-box">
<div class="product__price-wrapper">
<div class="product__price ">
<span class="price__left-part">
7,99
</span>
</div>
<div class="product__cc-price-text">
Clubcard ceny
</div>
</div>
</div>
</div>
<div class="product__img-wrapper">
<div class="product__img-holder">
<img data-src="/img/opt/tescoce_sk/products/2022-12-28/png/zubrowka-2002020337250-1-5k.png" src="/img/lq/tescoce_sk/products/2022-12-28/png/zubrowka-2002020337250-1-5k.png" alt="Žubrowka 37,5 %"//><noscript><img src="/img/opt/tescoce_sk/products/2022-12-28/png/zubrowka-2002020337250-1-5k.png" alt="Žubrowka 37,5 %"//></noscript>
</div>
<img
class="country-flag"
src=""
alt=""
/>
</div>
</div>                                                            </a>
<div class="shopping-list-parts">
<div class="add-button">
<i class="icon">
<svg viewBox="0 0 24 24" width="100%" height="100%">
<line x1="3" y1="12" x2="21" y2="12"></line>
<line x1="12" y1="3" x2="12" y2="21"></line>
</svg>
</i>
<div class="add-text ddl_link_inline address addtoshoppinglist">
<div>
<span class="label_wrapper">
<span class="label">Pridať do zoznamu</span>
</span>
</div>
</div>
<span class="added-text">Pridané do <a
href="/akciove-ponuky/nakupny-zoznam/"
title="zoznamu"
target="_blank">zoznamu</a></span>
</div>
<div class="add-item">
<div class="add-item__inner">
<div class="newddl-text-field newddl-quantity qty_div">
<div class="newddl-button blue icon-bg standalone search-icon no-float less-button disabled">
<i class="icon">
<svg viewBox="0 0 24 8" width="100%" height="100%">
<line x1="3" y1="4" x2="21" y2="4"></line>
</svg>
</i>
</div>
<input type="text" class="newddl-quantity-input qty" value="1"
min="1"
tabindex="0">
<div class="newddl-button blue icon-bg standalone search-icon no-float more-button">
<i class="icon">
<svg viewBox="0 0 24 24" width="100%" height="100%">
<line x1="3" y1="12" x2="21" y2="12"></line>
<line x1="12" y1="3" x2="12" y2="21"></line>
</svg>
</i>
</div>
</div>
<div class="newddl-button blue secondary no-float no-icon min-width accept-button add_to_basket"
data-template="/akciove-ponuky/nakupny-zoznam"
data-prod_id="1215962">
<span class="link-label">
Pridať do zoznamu                                              </span>
</div>
<div class="cancel-link"><a href="#cancel"
title="Zrušiť"
tabindex="0">Zrušiť</a>
</div>
</div>
</div>
<div class="added-item" style="">
<p class="t2 nddl">Pridané do <a
href="/akciove-ponuky/nakupny-zoznam/"
title="zoznamu"
target="_blank"
tabindex="0">zoznamu</a>
</p>
<a href="/akciove-ponuky/nakupny-zoznam/"
class="newddl-button blue secondary no-float no-icon min-width edit-button"
title="Upraviť zoznam"
target="_blank"
tabindex="0">
<span class="link-label">Upraviť zoznam</span>
</a>
</div>
</div>
</div>

</div>
</div>

<div class="hidden visible-md">
<div class="m-productListing__pagination ddl">
<div class="a-productListing__pagination__row-half">
<!-- for testing purposes-->
<p class="a-productListing__pagination__itemCount">Zobrazené položky                                    <strong>91                                        -93</strong> z                                    <strong>93</strong></p>
</div>
<div class="a-productListing__pagination__row-half -right">
<div class="ddl_pagination_controller" style="display: flex;">
<div class="ddl_plp_pagination">
<span class="page">
<strong>Stránka:</strong>
</span>

<a href="?page=6"
class="ddl_link_button button-secondary icon-small">
<i class="icon">
<svg class="ddl_icon icon_backward_link" id="icon_backward_link"
viewBox="0 0 18 24" width="100%" height="100%">
<title>icon_backward_link</title>
<polyline class="a"
points="12.69 20.65 3.72 12 12.69 3.36"></polyline>
</svg>
</i>
</a>


<!--                                            New pagination START-->

<span class="page">
<div class="ddl_link_inline address">
<a href="?page=1">
<span class="label_wrapper">
<span class="label">
1                                                                            </span>
</span>
</a>
</div>
</span>
<span class="page">
<div class="ddl_link_inline address">
<a href="?page=2">
<span class="label_wrapper">
<span class="label">
2                                                                            </span>
</span>
</a>
</div>
</span>
<span class="page">
<div class="ddl_link_inline address">
<a href="?page=3">
<span class="label_wrapper">
<span class="label">
3                                                                            </span>
</span>
</a>
</div>
</span>
<span class="page">
<div class="ddl_link_inline address">
<a href="?page=4">
<span class="label_wrapper">
<span class="label">
4                                                                            </span>
</span>
</a>
</div>
</span>
<span class="page">
<div class="ddl_link_inline address">
<a href="?page=5">
<span class="label_wrapper">
<span class="label">
5                                                                            </span>
</span>
</a>
</div>
</span>
<span class="page">
<div class="ddl_link_inline address">
<a href="?page=6">
<span class="label_wrapper">
<span class="label">
6                                                                            </span>
</span>
</a>
</div>
</span>
<span class="page">
<span class="selected">
<span>
7                                                                    </span>
</span>
</span>


<!--                                            New pagination END-->



<a href="?page=7" class="ddl_link_button button-secondary icon-small disabled">
<i class="icon">
<svg class="ddl_icon icon_forward_link"
id="icon_forward_link"
viewBox="0 0 18 24" width="100%" height="100%">
<title>icon_forward_link</title>
<polyline class="a"
points="5.31 3.35 14.28 12 5.31 20.64"></polyline>
</svg>
</i>
</a>
</div>
</div>
</div>

</div>
</div>
</div>
</div>
</div>

</div>
</div>
</div>

<div class="clear-float"></div>
</div>
<div
class="row cf row_p4"
style="padding-top: 0px;
"
>
<div
class="box cf box_p1"
style="
width: 100%                    float: left;
padding-left: 0px;
"
>
<div
class="box_inner cf"
style="margin-top: 0px;"
>

<div class="ddl-grid">
<div class="leaflets_best_offers makeItRain1236 ddl-grid ">
<h2 class="leaflets_best_offers__title">
Naše špeciálne ponuky    </h2>
<div class="leaflets_best_offers__slider" data-perc="100">
<div class="leaflets_best_offers__slider__elements">
<div class="leaflets_best_offers__slider__element tile">
<a style="display: block;" href="https://tesco.sk/akciove-ponuky/akcie-a-sutaze/novy-rok-s-bublinkami/" class="leaflets_best_offers__slider__element__inner">
<div class="leaflets_best_offers__slider__element__image" data-background-image="/img/opt/tescoce_sk/upload/Products/W2022/tyz44/Prosecco_HP_promo_400x245.jpg" style="background-image: url(/img/lq/tescoce_sk/upload/Products/W2022/tyz44/Prosecco_HP_promo_400x245.jpg);"><div class="nojs-background" style="background-image: url(/img/opt/tescoce_sk/upload/Products/W2022/tyz44/Prosecco_HP_promo_400x245.jpg);;"></div></div>

<div class="leaflets_best_offers__slider__element__link">
<span style="max-width: 80vw;">K&uacute;pte najmenej 4 fľa&scaron;e prosecca a z&iacute;skajte na v&scaron;etky zľavu 25 %.</span>
<span>
<i class="icon">
<!-- ddl_icon -->
<svg
class="ddl-icon icon_forward_link"
id="icon_forward_link"
viewBox="0 0 18 24"
width="100%"
height="100%"
stroke="#00539f"
stroke-width="1.5"
fill="none"
>
<title>icon_forward_link</title>
<polyline class="a" points="5.31 3.35 14.28 12 5.31 20.64"></polyline>
</svg>
<!-- ddl_icon -->
</i>
</span>
</div>
</a>
</div>
<div class="leaflets_best_offers__slider__element tile">
<a style="display: block;" href="https://tesco.sk/akciove-ponuky/zoznam-produktov/novorocne-snacky/" class="leaflets_best_offers__slider__element__inner">
<div class="leaflets_best_offers__slider__element__image" data-background-image="/img/opt/tescoce_sk/upload/Products/W2022/tyz44/Snacks_HP_promo_400x245.jpg" style="background-image: url(/img/lq/tescoce_sk/upload/Products/W2022/tyz44/Snacks_HP_promo_400x245.jpg);"><div class="nojs-background" style="background-image: url(/img/opt/tescoce_sk/upload/Products/W2022/tyz44/Snacks_HP_promo_400x245.jpg);;"></div></div>

<div class="leaflets_best_offers__slider__element__link">
<span style="max-width: 80vw;">N&aacute;kupte skvel&eacute; novoročn&eacute; snacky za v&yacute;hodn&eacute; ceny.</span>
<span>
<i class="icon">
<!-- ddl_icon -->
<svg
class="ddl-icon icon_forward_link"
id="icon_forward_link"
viewBox="0 0 18 24"
width="100%"
height="100%"
stroke="#00539f"
stroke-width="1.5"
fill="none"
>
<title>icon_forward_link</title>
<polyline class="a" points="5.31 3.35 14.28 12 5.31 20.64"></polyline>
</svg>
<!-- ddl_icon -->
</i>
</span>
</div>
</a>
</div>
<div class="leaflets_best_offers__slider__element tile">
<a style="display: block;" href="https://tesco.sk/akciove-ponuky/zoznam-produktov/silvestrovska-dekoracia/" class="leaflets_best_offers__slider__element__inner">
<div class="leaflets_best_offers__slider__element__image" style="background-image: url(https://tesco.sk/img/tescoce_sk/upload/Products/W2022/tyz44/dekoracie_HP_promo_400x245.jpg);"></div>

<div class="leaflets_best_offers__slider__element__link">
<span style="max-width: 80vw;">Zľava 20 % s Clubcard na vybran&eacute; silvestrovsk&eacute; dekor&aacute;cie.</span>
<span>
<i class="icon">
<!-- ddl_icon -->
<svg
class="ddl-icon icon_forward_link"
id="icon_forward_link"
viewBox="0 0 18 24"
width="100%"
height="100%"
stroke="#00539f"
stroke-width="1.5"
fill="none"
>
<title>icon_forward_link</title>
<polyline class="a" points="5.31 3.35 14.28 12 5.31 20.64"></polyline>
</svg>
<!-- ddl_icon -->
</i>
</span>
</div>
</a>
</div>
<div class="leaflets_best_offers__slider__element tile">
<a style="display: block;" href="https://potravinydomov.itesco.sk/groceries/sk-SK/" class="leaflets_best_offers__slider__element__inner">
<div class="leaflets_best_offers__slider__element__image" data-background-image="/img/opt/tescoce_sk/upload/Products/W4_Promotions/new-promo-400x245-GHS.jpg" style="background-image: url(/img/lq/tescoce_sk/upload/Products/W4_Promotions/new-promo-400x245-GHS.jpg);"><div class="nojs-background" style="background-image: url(/img/opt/tescoce_sk/upload/Products/W4_Promotions/new-promo-400x245-GHS.jpg);;"></div></div>

<div class="leaflets_best_offers__slider__element__link">
<span style="max-width: 80vw;">R&yacute;chle a pohodln&eacute; n&aacute;kupy s Tesco Online n&aacute;kupy</span>
<span>
<i class="icon">
<!-- ddl_icon -->
<svg
class="ddl-icon icon_forward_link"
id="icon_forward_link"
viewBox="0 0 18 24"
width="100%"
height="100%"
stroke="#00539f"
stroke-width="1.5"
fill="none"
>
<title>icon_forward_link</title>
<polyline class="a" points="5.31 3.35 14.28 12 5.31 20.64"></polyline>
</svg>
<!-- ddl_icon -->
</i>
</span>
</div>
</a>
</div>
</div>
<div class="controls">

<div class="slide_selector">

<span class="newddl-button white blue-border icon-bg smaller standalone loadPrevTile">
<i class="icon">
<svg viewBox="0 0 18 24" width="100%" height="100%"><polyline class="a" points="12.69 20.65 3.72 12 12.69 3.36"></polyline></svg>
</i>
</span>

<span class="counter"><span class="page">1</span> / <span class="all">3</span></span>

<span class="newddl-button white blue-border icon-bg smaller standalone loadNextTile">
<i class="icon">
<svg viewBox="0 0 18 24" width="100%" height="100%"><polyline class="a" points="5.31 3.35 14.28 12 5.31 20.64"></polyline></svg>
</i>
</span>

</div>

</div>
</div>

</div>
</div>
</div>
</div>

<div class="clear-float"></div>
</div>
<div
class="row cf row_p5"
style="padding-top: 0px;
"
>
<div
class="box cf box_p1"
style="
width: 100%                    float: left;
padding-left: 0px;
"
>
<div
class="box_inner cf"
style="margin-top: 0px;"
>

<div class="ddl-grid">
<div class="ddl-grid--24 clearfix makeItRain1245 leaflets_subscribe_itesco flexWhenMd"  data-kcsscroll="odoberat" >
<div
class="ddl-col--xs--24 ddl-col--md--8 preserve60percRatioUnderMd leaflets_subscribe_itesco__image"
style="background-image: url(https://tesco.sk/img/tescoce_sk/623x402_cc_maj.jpg);"
></div>
<div class="ddl-col--xs--24 ddl-col--md--8 leaflets_subscribe_itesco__text" style="background-color:#1254a0;" >
<div class="ddl leaflets_subscribe_itesco__text__inner">
<p class="leaflets_subscribe_itesco__text__title">Odoberajte naše letáky online</p>
<p class="leaflets_subscribe_itesco__text__description">Prihláste sa na odber nášho online letáku a všetky skvelé akcie nájdete online.</p>

<form method="post" id="subscribe_form" action="/potvrdenie-newslettra/">
<input type="hidden" name="__token" value="ZjQ5MDQ5NzlhMDFjYzc3NGRmZDExMDNkZWRjZmE1YWI=" />      <span class="ddl_text_field">
<label class="ddl_form_label" for="subscribe">
<span class="ddl_form_label_text">E-mail</span>
</label>
<input class="ddl_text_field_input" id="subscribe" name="subscribe" type="email" placeholder="Váš e-mail">
</span>

<div class="ddl clearfix">
<button class="ddl_link_button" name="submit" type="submit">
<span class="link-label">Prihlásiť sa</span>
</button>
</div>
</form>
</div>
</div>
</div>
</div>
</div>
</div>

<div class="clear-float"></div>
</div>
<div
class="row cf row_p6"
style="padding-top: 0px;
"
>
<div
class="box cf box_p1"
style="
width: 100%                    float: left;
padding-left: 0px;
"
>
<div
class="box_inner cf"
style="margin-top: 0px;"
>

<style>
#ddl-footer_63b067109ddb7 {
padding-top: 0px;
}

#ddl-footer_63b067109ddb7 .ddl-footer-inner {
padding-top: 0px;
}

@media (min-width: 756px) {
#ddl-footer_63b067109ddb7 {
padding-top: 0px;
}

#ddl-footer_63b067109ddb7 .ddl-footer-inner {
padding-top: 24px;
}
}
</style>

<div
id="ddl-footer_63b067109ddb7"
class="ddl-footer pagewide slim"
>
<div class="ddl-footer-inner">
<div class="ddl-grid">
<div class="footer-links pagewide-inner cf">
<div class="footer-links-group">
<h2 class="group-title">
<span>Pom&ocirc;žeme v&aacute;m</span>

<div class="mobile-button">
<svg viewBox="0 0 24 18" width="100%" height="100%"><polyline class="a" points="20.65 5.31 12 14.28 3.36 5.31"></polyline></svg>
</div>
</h2>

<ul class="group-items">
<li class="group-item">
<a href="/kontakty/" title="Kontaktuje n&aacute;s" class="">

<span>Kontaktujte n&aacute;s</span>

<div class="mobile-button">
<svg viewBox="0 0 18 24" width="100%" height="100%"><polyline class="a" points="5.31 3.35 14.28 12 5.31 20.64"></polyline></svg>
</div>

</a>

</li>
<li class="group-item">
<a href="/potvrdenie-newslettra/" title="Prihl&aacute;senie na odber newslettra" class="">

<span>Prihl&aacute;senie na odber newslettra</span>

<div class="mobile-button">
<svg viewBox="0 0 18 24" width="100%" height="100%"><polyline class="a" points="5.31 3.35 14.28 12 5.31 20.64"></polyline></svg>
</div>

</a>

</li>
<li class="group-item">
<a href="/oznamenia-a-upozornenia/" title="Ozn&aacute;menia" class="">

<span>Ozn&aacute;menia</span>

<div class="mobile-button">
<svg viewBox="0 0 18 24" width="100%" height="100%"><polyline class="a" points="5.31 3.35 14.28 12 5.31 20.64"></polyline></svg>
</div>

</a>

</li>
</ul>
</div>
<div class="footer-links-group">
<h2 class="group-title">
<span>O tejto str&aacute;nke</span>

<div class="mobile-button">
<svg viewBox="0 0 24 18" width="100%" height="100%"><polyline class="a" points="20.65 5.31 12 14.28 3.36 5.31"></polyline></svg>
</div>
</h2>

<ul class="group-items">
<li class="group-item">
<a href="/podmienky-pouzivania/" title="Podmienky použ&iacute;vania" class="">

<span>Podmienky použ&iacute;vania</span>

<div class="mobile-button">
<svg viewBox="0 0 18 24" width="100%" height="100%"><polyline class="a" points="5.31 3.35 14.28 12 5.31 20.64"></polyline></svg>
</div>

</a>

</li>
<li class="group-item">
<a href="/ochrana-sukromia/" title="Ochrana s&uacute;kromia" class="">

<span>Ochrana s&uacute;kromia</span>

<div class="mobile-button">
<svg viewBox="0 0 18 24" width="100%" height="100%"><polyline class="a" points="5.31 3.35 14.28 12 5.31 20.64"></polyline></svg>
</div>

</a>

</li>
</ul>
</div>
<div class="footer-links-group">
<h2 class="group-title">
<span>Užitočn&eacute; odkazy</span>

<div class="mobile-button">
<svg viewBox="0 0 24 18" width="100%" height="100%"><polyline class="a" points="20.65 5.31 12 14.28 3.36 5.31"></polyline></svg>
</div>
</h2>

<ul class="group-items">
<li class="group-item">
<a href="/obchody/" title="N&aacute;jdite obchod" class="">

<span>N&aacute;jdite obchod</span>

<div class="mobile-button">
<svg viewBox="0 0 18 24" width="100%" height="100%"><polyline class="a" points="5.31 3.35 14.28 12 5.31 20.64"></polyline></svg>
</div>

</a>

</li>
<li class="group-item">
<a href="https://dtube.tesco-europe.com/DTUBE_RESTAPI/supplierhelpline/index.html" title="Pre firmy" class="" target="_blank">

<span>Pre firmy</span>

<div class="mobile-button">
<svg viewBox="0 0 18 24" width="100%" height="100%"><polyline class="a" points="5.31 3.35 14.28 12 5.31 20.64"></polyline></svg>
</div>

</a>

</li>
<li class="group-item">
<a href="/poukazky-tesco/" title="Pouk&aacute;žky Tesco" class="">

<span>Pouk&aacute;žky Tesco</span>

<div class="mobile-button">
<svg viewBox="0 0 18 24" width="100%" height="100%"><polyline class="a" points="5.31 3.35 14.28 12 5.31 20.64"></polyline></svg>
</div>

</a>

</li>
<li class="group-item">
<a href="/tesco-sr/mobilne-aplikacie/" title="Mobiln&eacute; aplik&aacute;cie" class="">

<span>Mobiln&eacute; aplik&aacute;cie</span>

<div class="mobile-button">
<svg viewBox="0 0 18 24" width="100%" height="100%"><polyline class="a" points="5.31 3.35 14.28 12 5.31 20.64"></polyline></svg>
</div>

</a>

</li>
<li class="group-item">
<a href="/sutaze/" title="Pravidl&aacute; s&uacute;ťaže" class="">

<span>Pravidl&aacute; s&uacute;ťaže</span>

<div class="mobile-button">
<svg viewBox="0 0 18 24" width="100%" height="100%"><polyline class="a" points="5.31 3.35 14.28 12 5.31 20.64"></polyline></svg>
</div>

</a>

</li>
</ul>
</div>
<div class="footer-links-group">
<h2 class="group-title">
<span>O Tesco</span>

<div class="mobile-button">
<svg viewBox="0 0 24 18" width="100%" height="100%"><polyline class="a" points="20.65 5.31 12 14.28 3.36 5.31"></polyline></svg>
</div>
</h2>

<ul class="group-items">
<li class="group-item">
<a href="https://kariera.tesco.sk/" title="Kari&eacute;ra" class="" target="_blank">

<span>Kari&eacute;ra</span>

<div class="mobile-button">
<svg viewBox="0 0 18 24" width="100%" height="100%"><polyline class="a" points="5.31 3.35 14.28 12 5.31 20.64"></polyline></svg>
</div>

</a>

</li>
<li class="group-item">
<a href="https://corporate.tesco.sk/media/tlacove-spravy/" title="Tlačov&eacute; spr&aacute;vy" class="" target="_blank">

<span>Tlačov&eacute; spr&aacute;vy</span>

<div class="mobile-button">
<svg viewBox="0 0 18 24" width="100%" height="100%"><polyline class="a" points="5.31 3.35 14.28 12 5.31 20.64"></polyline></svg>
</div>

</a>

</li>
<li class="group-item">
<a href="/lokalni-dodavatelia/" title="Lok&aacute;lni dod&aacute;vatelia" class="">

<span>Lok&aacute;lni dod&aacute;vatelia</span>

<div class="mobile-button">
<svg viewBox="0 0 18 24" width="100%" height="100%"><polyline class="a" points="5.31 3.35 14.28 12 5.31 20.64"></polyline></svg>
</div>

</a>

</li>
</ul>
</div>
<div class="footer-links-group">
<h2 class="group-title">
<span>Hello Tesco</span>

<div class="mobile-button">
<svg viewBox="0 0 24 18" width="100%" height="100%"><polyline class="a" points="20.65 5.31 12 14.28 3.36 5.31"></polyline></svg>
</div>
</h2>

<ul class="group-items">
<li class="group-item">
<a href="/hello/jedlo/recepty/" title="Jedlo" class="">

<span>Jedlo</span>

<div class="mobile-button">
<svg viewBox="0 0 18 24" width="100%" height="100%"><polyline class="a" points="5.31 3.35 14.28 12 5.31 20.64"></polyline></svg>
</div>

</a>

</li>
<li class="group-item">
<a href="/hello/zdravy-zivot/" title="Zdrav&yacute; život" class="">

<span>Zdrav&yacute; život</span>

<div class="mobile-button">
<svg viewBox="0 0 18 24" width="100%" height="100%"><polyline class="a" points="5.31 3.35 14.28 12 5.31 20.64"></polyline></svg>
</div>

</a>

</li>
<li class="group-item">
<a href="/hello/dieta/" title="Dieťa" class="">

<span>Dieťa</span>

<div class="mobile-button">
<svg viewBox="0 0 18 24" width="100%" height="100%"><polyline class="a" points="5.31 3.35 14.28 12 5.31 20.64"></polyline></svg>
</div>

</a>

</li>
<li class="group-item">
<a href="/hello/jedlo/varenie-bez-zvyskov/" title="Varenie bez zvy&scaron;kov" class="">

<span>Varenie bez zvy&scaron;kov</span>

<div class="mobile-button">
<svg viewBox="0 0 18 24" width="100%" height="100%"><polyline class="a" points="5.31 3.35 14.28 12 5.31 20.64"></polyline></svg>
</div>

</a>

</li>
<li class="group-item">
<a href="/hello/livewell/" title="Livewell" class="">

<span>Livewell</span>

<div class="mobile-button">
<svg viewBox="0 0 18 24" width="100%" height="100%"><polyline class="a" points="5.31 3.35 14.28 12 5.31 20.64"></polyline></svg>
</div>

</a>

</li>
</ul>
</div>
</div>

<div class="social pagewide-inner cf">
<div class="social-content cf">
<span class="social-title">Sledujte nás</span>

<ul class="social-links cf">
<li class="social-links-item">
<span class="social-icon">
<a href="https://www.facebook.com/tesco.sk" title="Facebook" target="_blank">
<svg xmlns="http://www.w3.org/2000/svg" xmlns:xlink="http://www.w3.org/1999/xlink" width="40" height="40" viewBox="0 0 40 40"><defs><path id="h2eca" d="M20 0a20 20 0 1 0 0 40 20 20 0 0 0 0-40"/><path id="h2ecb" d="M16.47 31.55h4.65V19.9h3.24l.35-3.9h-3.6V13.8c0-.92.2-1.29 1.08-1.29h2.51V8.46H21.5c-3.46 0-5.02 1.52-5.02 4.44V16h-2.42v3.95h2.42z"/></defs><g><g><use fill="#3b5998" xlink:href="#h2eca"/></g><g><use fill="#fff" xlink:href="#h2ecb"/></g></g></svg></a>
</span>
</li>
<li class="social-links-item">
<span class="social-icon">
<a href="https://www.youtube.com/channel/UCxawZ7dnJJHDsoK9MZBbaSQ" title="Youtube" target="_blank">
<svg xmlns="http://www.w3.org/2000/svg" xmlns:xlink="http://www.w3.org/1999/xlink" width="40" height="40" viewBox="0 0 40 40"><defs><path id="fioea" d="M20 0a20 20 0 1 0 0 40 20 20 0 0 0 0-40"/><path id="fioeb" d="M17.69 22.9v-6.29l6.04 3.16zm12.39-9.6c-.85-.89-1.8-.9-2.25-.94-3.13-.23-7.83-.23-7.83-.23s-4.7 0-7.83.23c-.44.05-1.4.05-2.25.94-.67.68-.89 2.23-.89 2.23s-.22 1.8-.22 3.62v1.7c0 1.8.22 3.62.22 3.62s.22 1.54.9 2.22c.84.89 1.96.86 2.46.96 1.8.17 7.61.22 7.61.22s4.7 0 7.83-.23c.44-.06 1.4-.06 2.25-.95.67-.68.89-2.22.89-2.22s.22-1.81.22-3.62v-1.7c0-1.81-.22-3.62-.22-3.62s-.22-1.55-.9-2.23z"/></defs><g><g><use fill="#cd201f" xlink:href="#fioea"/></g><g><use fill="#fff" xlink:href="#fioeb"/></g></g></svg></a>
</span>
</li>
<li class="social-links-item">
<span class="social-icon">
<a href="https://www.instagram.com/tesco.svk/" title="Instagram" target="_blank">
<svg xmlns="http://www.w3.org/2000/svg" xmlns:xlink="http://www.w3.org/1999/xlink" width="40" height="40" viewBox="0 0 40 40"><defs><path id="i13da" d="M40 20a20 20 0 1 1-40 0 20 20 0 0 1 40 0"/><path id="i13db" d="M20 9.04c2.98 0 3.36.01 4.53.06 1.17.06 1.97.24 2.67.5a5.4 5.4 0 0 1 1.95 1.24c.6.6.98 1.2 1.27 1.9.27.69.45 1.47.5 2.61.06 1.15.07 1.51.07 4.43s-.01 3.28-.06 4.43a7.72 7.72 0 0 1-.51 2.6c-.29.71-.66 1.31-1.27 1.91a5.4 5.4 0 0 1-1.95 1.24c-.7.26-1.5.45-2.67.5-1.17.05-1.55.06-4.53.06-2.99 0-3.36-.01-4.54-.06a8.24 8.24 0 0 1-2.67-.5 5.4 5.4 0 0 1-1.94-1.24c-.62-.6-1-1.2-1.27-1.9a7.72 7.72 0 0 1-.51-2.61A74.45 74.45 0 0 1 9 19.78c0-2.92.01-3.28.07-4.43.05-1.14.24-1.92.5-2.6.29-.71.66-1.31 1.28-1.9a5.4 5.4 0 0 1 1.94-1.25c.7-.26 1.5-.44 2.67-.5 1.18-.05 1.55-.06 4.54-.06zm0 1.94c-2.94 0-3.29 0-4.45.06a6.21 6.21 0 0 0-2.04.37c-.51.2-.88.43-1.26.8-.39.38-.63.73-.83 1.24-.15.37-.33.94-.37 2a72.83 72.83 0 0 0-.07 4.33c0 2.87.01 3.2.07 4.34.04 1.05.22 1.62.37 2 .2.5.44.86.83 1.23.38.38.75.61 1.26.8.39.15.97.33 2.04.37 1.16.06 1.51.07 4.45.07 2.93 0 3.28-.01 4.44-.07a6.21 6.21 0 0 0 2.04-.37c.52-.19.88-.42 1.27-.8.38-.37.62-.73.82-1.23.15-.38.33-.95.38-2C29 23 29 22.65 29 19.78s-.01-3.2-.06-4.34a5.82 5.82 0 0 0-.38-2c-.2-.5-.44-.85-.82-1.23-.39-.37-.75-.6-1.27-.8a6.21 6.21 0 0 0-2.04-.37c-1.16-.05-1.5-.06-4.44-.06z"/><path id="i13dc" d="M16.33 19.79A3.62 3.62 0 0 1 20 16.2c2.02 0 3.66 1.6 3.66 3.58A3.62 3.62 0 0 1 20 23.37a3.62 3.62 0 0 1-3.67-3.58zm-1.98 0A5.58 5.58 0 0 0 20 25.3a5.58 5.58 0 0 0 5.64-5.51A5.58 5.58 0 0 0 20 14.27a5.58 5.58 0 0 0-5.65 5.52z"/><path id="i13dd" d="M27.19 14.05c0 .71-.6 1.29-1.32 1.29a1.3 1.3 0 0 1-1.32-1.3c0-.7.6-1.28 1.32-1.28.73 0 1.32.58 1.32 1.29"/></defs><g><g><use fill="#e1306c" xlink:href="#i13da"/></g><g><use fill="#fff" xlink:href="#i13db"/></g><g><use fill="#fff" xlink:href="#i13dc"/></g><g><use fill="#fff" xlink:href="#i13dd"/></g></g></svg></a>
</span>
</li>
<li class="social-links-item">
<span class="social-icon">
<a href="https://www.linkedin.com/company/tesco-stores-sr-a.-s./" title="LinkedIn" target="_blank">
<?xml version="1.0" encoding="UTF-8"?>
<svg width="40px" height="40px" viewBox="0 0 40 40" version="1.1" xmlns="http://www.w3.org/2000/svg" xmlns:xlink="http://www.w3.org/1999/xlink">
<!-- Generator: Sketch 56.3 (81716) - https://sketch.com -->
<title>linkedin</title>
<desc>Created with Sketch.</desc>
<defs>
<polygon id="path-1" points="0 0 40 0 40 39.9999 0 39.9999"></polygon>
</defs>
<g id="linkedin" stroke="none" stroke-width="1" fill="none" fill-rule="evenodd">
<g id="Group-10">
<g id="Group-3" transform="translate(0.000000, 0.000200)">
<mask id="mask-2" fill="white">
<use xlink:href="#path-1"></use>
</mask>
<g id="Clip-2"></g>
<path d="M40,19.9999 C40,31.0459 31.046,39.9999 20,39.9999 C8.954,39.9999 0,31.0459 0,19.9999 C0,8.9539 8.954,-0.0001 20,-0.0001 C31.046,-0.0001 40,8.9539 40,19.9999" id="Fill-1" fill="#0172B1" mask="url(#mask-2)"></path>
</g>
<path d="M21.292,18.1154 C21.391,18.0094 21.43,17.9764 21.457,17.9364 C22.801,15.9754 24.721,15.3984 26.961,15.7424 C29.55,16.1414 31.206,17.9534 31.629,20.7254 C31.73,21.3834 31.779,22.0434 31.778,22.7084 C31.777,25.4694 31.772,28.2284 31.7840381,30.9894 C31.786,31.3004 31.71,31.3914 31.392,31.3875252 C29.945,31.3704 28.498,31.3704 27.052,31.3875252 C26.735,31.3904 26.654,31.3014 26.656,30.9894 C26.668,28.4154 26.664,25.8414 26.661,23.2654 C26.66,22.6804 26.62,22.0994 26.455,21.5334 C25.929,19.7154 23.86,19.0774 22.389,20.2864 C21.593,20.9384 21.281,21.8024 21.288,22.8174 C21.301,25.2464 21.292,27.6754 21.292,30.1034 C21.292,30.4224 21.273,30.7414 21.297,31.0584 C21.317,31.3334 21.205,31.3864 20.955,31.3854 C19.482,31.3754 18.009,31.3744 16.536,31.3864 C16.269,31.3875252 16.173,31.3334 16.1759321,31.0394 C16.198,28.8504 16.207,26.6604 16.208,24.4704 C16.208,21.7774 16.202,19.0834 16.184,16.3894 C16.182,16.0944 16.243,16.0074 16.548,16.0104 C18.021,16.0274 19.494,16.0244 20.967,16.0124 C21.232,16.0104 21.307,16.0894 21.298,16.3474 C21.279,16.9024 21.292,17.4584 21.292,18.1154" id="Fill-4" fill="#FEFEFE"></path>
<path d="M13.3745,23.7013 C13.3745,26.1283 13.3695,28.5553 13.3805468,30.9833 C13.3825,31.2853 13.3215,31.3923 12.9925,31.3884076 C11.5335,31.3693 10.0745,31.3733 8.6155,31.3863 C8.3445,31.3884076 8.2525,31.3203 8.2535,31.0353 C8.2605,26.1403 8.2595,21.2453 8.2515,16.3493 C8.2515,16.0953 8.3135,16.0103 8.5815,16.0123 C10.0675,16.0253 11.5535,16.0263 13.0385,16.0112393 C13.3355,16.0083 13.3815,16.1163 13.3805468,16.3783 C13.3715,18.8193 13.3745,21.2603 13.3745,23.7013" id="Fill-6" fill="#FEFEFE"></path>
<path d="M10.856,8.61289879 C12.814,8.6149 14.085,10.1659 13.621,11.9839 C13.271,13.3569 11.851,14.1479 10.211,13.8819 C8.47,13.5989 7.5,11.8999 8.141,10.2579 C8.542,9.2319 9.566,8.6119 10.856,8.61289879" id="Fill-8" fill="#FEFEFE"></path>
</g>
</g>
</svg></a>
</span>
</li>
<li class="social-links-item">
<span class="social-icon">
<a href="https://www.besmarthead.com/profile/tesco-slovensko/51136" title="Smarthead" target="_blank">
<?xml version="1.0" encoding="UTF-8"?>
<svg width="40px" height="40px" viewBox="0 0 40 40" version="1.1" xmlns="http://www.w3.org/2000/svg" xmlns:xlink="http://www.w3.org/1999/xlink">
<!-- Generator: Sketch 56.3 (81716) - https://sketch.com -->
<title>SH</title>
<desc>Created with Sketch.</desc>
<g id="SH" stroke="none" stroke-width="1" fill="none" fill-rule="evenodd">
<g id="Group-7">
<path d="M40,20 C40,31.046 31.046,40 20,40 C8.954,40 0,31.046 0,20 C0,8.954 8.954,0 20,0 C31.046,0 40,8.954 40,20" id="Fill-1" fill="#E61919"></path>
<path d="M20.9585,22.1982 C20.8925,22.1592 20.8265,22.1202 20.7605,22.0802 C20.3745,22.5912 19.9685,23.0882 19.6115,23.6182 C19.5025,23.7802 19.4825,24.0392 19.5075,24.2432 C19.5275,24.3982 19.6825,24.5372 19.7765,24.6832 C19.8875,24.5902 20.0505,24.5162 20.1005,24.3972 C20.4005,23.6702 20.6755,22.9322 20.9585,22.1982 M30.3565,30.2842 C30.3855,31.0252 30.0035,31.3632 29.3605,31.2412 C28.5455,31.0862 28.0005,30.5822 27.5785,29.9162 C26.9075,28.8542 26.6185,27.6592 26.4375,26.4382 C26.1725,24.6432 26.0755,22.8382 26.2375,21.0242 C26.2505,20.8862 26.2395,20.7462 26.2395,20.5692 C25.2455,20.3962 24.2815,20.4902 23.3365,20.7732 C23.2145,20.8102 23.1095,21.0482 23.0755,21.2092 C22.7435,22.7502 22.3395,24.2642 21.5705,25.6572 C21.4725,25.8332 21.3515,25.9962 21.2425,26.1662 C20.9875,26.5592 20.6445,26.6162 20.2255,26.4562 C19.1095,26.0292 18.5245,25.1202 18.1195,24.0842 C17.4965,22.4912 17.8215,21.4502 19.2465,20.5012 C19.7975,20.1342 20.4345,19.8952 21.0165,19.5702 C21.1635,19.4882 21.3435,19.3052 21.3505,19.1612 C21.4105,17.9302 21.4745,16.6982 21.4545,15.4662 C21.4325,14.1512 21.1445,12.9022 20.1955,11.8942 C20.1115,11.8052 20.0575,11.5532 20.1145,11.4922 C20.2375,11.3592 20.4345,11.2382 20.6125,11.2212 C22.2425,11.0652 23.2315,11.8412 23.3315,13.4772 C23.4325,15.1392 23.4095,16.8092 23.4395,18.4762 C23.4425,18.6282 23.4405,18.7812 23.4405,18.9522 C24.4165,19.0132 25.3605,19.0722 26.3475,19.1332 C26.4385,18.3712 26.4935,17.6122 26.6265,16.8662 C26.9255,15.1842 27.2575,13.5082 27.5885,11.8322 C27.8305,10.6132 28.7735,10.3092 29.8195,10.2402 C30.3335,10.2062 30.8805,10.2712 31.3755,10.4172 C31.9015,10.5722 31.8295,10.8412 31.5005,11.2372 C31.0225,11.8112 30.5955,12.4632 30.3005,13.1492 C29.4675,15.0902 29.0735,17.1512 28.7615,19.2342 C28.6845,19.7482 28.7875,20.0082 29.2225,20.2692 C29.4925,20.4312 29.6785,20.7622 29.8415,21.0512 C29.8975,21.1492 29.8015,21.3772 29.7095,21.4952 C29.6745,21.5402 29.4455,21.4692 29.3265,21.4072 C29.0945,21.2892 28.8785,21.1402 28.5795,20.9562 C28.5295,21.7832 28.4715,22.5252 28.4435,23.2672 C28.3715,25.1092 28.3615,26.9492 28.8845,28.7412 C29.0015,29.1402 29.1775,29.5302 29.3755,29.8972 C29.6855,30.4762 29.7445,30.4842 30.3565,30.2842" id="Fill-3" fill="#FFFFFF"></path>
<path d="M13.2979,20.2695 C14.5159,20.0395 14.9369,19.0545 15.3479,18.0965 C15.9719,16.6435 16.2219,15.1125 16.1139,13.5325 C16.0949,13.2415 16.0259,12.9455 15.9279,12.6695 C15.6469,11.8695 15.0479,11.5685 14.2299,11.8015 C13.1049,12.1225 12.3329,12.9145 11.6519,13.7995 C10.3719,15.4645 9.6549,17.3345 9.6519,19.4585 C9.6509,20.3455 10.0129,21.0575 10.8129,21.3735 C11.7429,21.7425 12.7349,21.9585 13.7099,22.2065 C14.4459,22.3935 15.2129,22.4745 15.9389,22.6935 C17.0609,23.0325 17.3689,23.7025 17.0089,24.8195 C16.4589,26.5225 14.5849,27.5945 12.8309,27.1935 C11.9429,26.9905 11.1039,26.6675 10.4199,26.0345 C10.1159,25.7515 10.0469,25.4345 10.2999,25.0795 C10.5339,24.7525 10.7589,24.7525 10.9739,25.0945 C11.5459,26.0035 12.4129,26.0215 13.3269,25.8715 C14.1369,25.7395 14.6309,25.2255 14.8479,24.4245 C14.9609,24.0075 14.8029,23.7675 14.4499,23.6675 C13.7639,23.4735 13.0679,23.3145 12.3709,23.1645 C11.1369,22.8995 9.8999,22.6495 8.8249,21.9335 C7.9569,21.3545 7.4069,20.5695 7.3779,19.5025 C7.3109,17.0465 7.7939,14.7465 9.2579,12.6985 C10.2639,11.2925 11.6519,10.6275 13.3069,10.5165 C14.3239,10.4485 15.3669,10.4645 16.3729,10.6145 C17.7649,10.8215 18.5449,11.8235 18.6689,13.2325 C18.8749,15.5785 18.2719,17.6845 16.7639,19.4895 C16.3559,19.9775 15.7919,20.3565 15.2479,20.7065 C14.7799,21.0065 14.2329,20.9925 13.7249,20.7355 C13.5579,20.6515 13.4179,20.5135 13.2659,20.4005 C13.2769,20.3565 13.2869,20.3125 13.2979,20.2695" id="Fill-5" fill="#FFFFFF"></path>
</g>
</g>
</svg></a>
</span>
</li>
</ul>
</div>
</div>
</div>
</div>

<div class="copyright">
<p class="copyright-content pagewide-inner">© 2022  TESCO STORES SR, a.s.</p>
</div>
</div>
</div>
<div
class="box_inner cf"
style="margin-top: 0px;"
>

<div class="ddl-grid">
</div>
</div>
</div>

<div class="clear-float"></div>
</div>
</div>
</div>


</body>
</html>